3156 5132
336 361 408 434 322
728 378 770 437 Ex
794 397 889 439 aaran
913 379 1119 440 Berconum.

294 583 327 628 ιε
466 559 647 651 πολύανδροί
668 589 700 630 τε
722 558 904 652 φεράσπιδες
926 563 1051 651 κυναγοὶ
1072 561 1139 630 κατ’
1165 562 1248 653 ἴχνος
1263 568 1378 632 πλατᾶν
1393 558 1499 652 ἄφαντον
1563 596 1570 693 ρ

466 671 625 742 κέλσαντες
648 662 808 754 Σιμόεντος
831 665 923 742 ἀκτὰς
946 664 995 734 ἐπ’
1022 664 1218 756 ἀεξιφύλλους

467 768 508 840 δι’
534 771 598 861 ἔριν
621 768 834 858 αἱματόεσσαν.

340 903 411 946 eum
434 878 558 950 έλέναιις
579 878 766 942 vccabulum
781 878 958 960 Aeschylus
981 878 1072 942 finxit
1100 883 1196 956 (recte
1219 881 1304 942 enim
1323 880 1364 941 ita
1379 899 1502 940 eorrexe-

340 995 414 1048 runt
429 982 630 1046 lllomfieldus
653 992 684 1044 et
700 982 869 1044 Elmsleius
892 979 995 1054 ἑλένας
1019 981 1105 1063 quod
1127 981 1201 1044 libri
1218 981 1363 1064 habent),
1388 1002 1455 1044 usus
1468 995 1502 1044 est

340 1108 375 1150 ea
399 1088 561 1149 nominum
587 1084 897 1166 interpretandorum
920 1085 1150 1148 consuetudine
1165 1087 1256 1148 cuius
1271 1087 1368 1148 multa
1383 1086 1503 1166 exempla
1571 1084 1575 1088 ’

340 1191 509 1253 Elmslcius
531 1187 571 1250 ad
587 1188 750 1270 Euripidis
765 1189 876 1250 Bacch.
895 1208 927 1250 v.
945 1188 1007 1250 508
1031 1187 1211 1270 adscripsit,
1238 1191 1301 1250 vim
1325 1199 1357 1252 et
1375 1190 1504 1251 rationem

340 1294 501 1376 praeclare
532 1293 678 1372 exposuit
701 1292 901 1354 llermannus
930 1293 963 1352 in
986 1293 1195 1372 explicatione
1218 1289 1324 1354 Aiacis
1346 1293 1505 1373 Sophocliac

339 1419 370 1459 v.
390 1399 464 1460 t30.
490 1395 601 1458 eadem
630 1405 737 1458 autem
766 1395 903 1456 nominis
933 1396 1153 1476 interpretatio
1182 1407 1375 1459 momentum
1399 1396 1464 1457 lecit
1482 1405 1505 1458 ut
1565 1389 1566 1399 ’

341 1501 477 1562 Helenae
508 1497 597 1562 sidus
627 1498 838 1578 perniciosum
868 1496 1061 1560 salutaribus
1090 1496 1223 1560 fratrum
1246 1497 1406 1562 sideribus
1426 1497 1507 1560 adde·

341 1613 439 1666 retur.
487 1621 559 1664 nam
587 1619 659 1662 eum
687 1601 757 1662 aliis
780 1603 898 1663 Helena
922 1601 1087 1664 videretur
1109 1621 1179 1664 esse
1201 1599 1350 1674 ναυτίλοις
1372 1595 1505 1685 σωτήριος.

341 1717 375 1770 ut
397 1704 568 1786 Euripides
595 1705 736 1785 loquitur
766 1705 799 1767 in
822 1704 934 1767 Oreste
958 1724 988 1765 ν.
1010 1703 1103 1784 ⁴637,
1135 1704 1188 1766 alii
1213 1715 1245 1768 ct
1268 1704 1400 1768 fortasse
1420 1705 1507 1785 plures
1566 1687 1567 1690 ¹

341 1830 410 1872 earn
439 1810 584 1870 infestam
611 1807 748 1870 navibus
771 1827 840 1870 esse
863 1807 1098 1870 existimabant.
1147 1806 1187 1871 de
1210 1827 1272 1889 qua
1297 1828 1332 1870 re
1356 1827 1506 1889 conponam
1574 1811 1575 1814 ’

341 1913 392 1974 hie
414 1897 494 1998 quae
517 1911 644 1991 repperi
660 1912 776 1972 omnia.
818 1912 923 1991 itaque
939 1911 978 1974 ad
995 1911 1158 1992 Euripidis
1174 1911 1320 1974 Orestem
1336 1912 1508 1992 adscriptum

341 2015 495 2077 hahemus
518 2015 593 2076 hece
618 2013 768 2092 scholion,
794 2013 879 2094 quod
903 2015 1001 2077 multo
1023 2025 1097 2076 ante
1114 2014 1266 2078 Cohetum
1285 2023 1427 2096 tempore
1440 2013 1509 2076 llad·

341 2119 445 2200 vigius
474 2118 611 2180 correxit
641 2118 673 2178 in
704 2116 988 2180 Emendationibus
1019 2120 1052 2180 in
1077 2117 1236 2180 Ciceronis
1265 2117 1365 2180 libros
1393 2118 1509 2199 philoso

342 2222 451 2303 phiccs
473 2242 506 2302 p.
528 2219 613 2299 t37.‚
639 2213 684 2284 brt
706 2214 757 2282 καί
777 2213 798 2304 ἡ
815 2214 925 2303 Ἑλένη
950 2219 1009 2292 τοῖς
1031 2219 1262 2306 χειμαζομένοις
1277 2215 1356 2284 κατὰ
1378 2215 1510 2285 θάλασσαν

342 2317 470 2408 έπήιιοὸς
499 2323 563 2387 ἐστι
590 2318 667 2387 κατὰ
689 2316 854 2408 Εὐριπίδην
884 2321 1103 2407 σεσημείωται·
1135 2317 1151 2388 δ
1175 2322 1275 2406 μέντοι
1299 2323 1440 2408 Σωσίβιος
1463 2321 1508 2405 ἔμ-

341 2533 385 2616 τῷ
414 2524 444 2593 δ’
472 2533 529 2594 τῶν
565 2529 619 2611 (sic
642 2529 834 2611 Madvigius:
868 2529 942 2593 libri
971 2530 1003 2593 έν
1029 2530 1106 2616 τῷδε
1128 2531 1179 2615 τῷ)
1214 2525 1288 2616 πρὸς
1307 2525 1509 2616 Ἀναξανδρίδην

342 2631 395 2698 τίν
426 2631 479 2717 μὲν
509 2636 567 2696 τῶν
597 2627 650 2696 δύο
679 2627 811 2717 ἀστέρων
839 2628 1015 2719 ἐπιφάνειαν
1037 2635 1096 2697 τῶν
1120 2627 1309 2720 Διοσκούρων
1333 2627 1508 2717 ἀνομολογεῖ-

343 2737 416 2802 σδαι
442 2732 707 2820 (ἀνωμολογῇσδοιι
723 2735 884 2814 Cobetusl,
909 2731 963 2821 την
987 2733 1020 2799 δὲ
1042 2739 1101 2799 τῶν
1123 2730 1156 2820 γ’
1179 2739 1239 2800 τῶν
1268 2737 1323 2818 (sic
1338 2737 1508 2816 Madvigius:

341 2837 373 2925 γ’
398 2845 456 2903 τῶν
481 2839 554 2902 libri
578 2839 736 2920 omittunt)
772 2838 939 2924 λεγομένων
965 2835 1124 2925 Καβείρων
1153 2837 1209 2921 (sie
1230 2839 1422 2921 Madvigius:
1452 2837 1510 2900 libri

344 2941 513 3028 ίοβείρων).
563 2944 595 3004 in
619 2941 751 3004 brevius
775 2944 852 3004 haec
875 2953 1032 3005 contracta
1056 2953 1130 3006 sunt
1154 2943 1186 3004 in
1208 2943 1315 3006 codice
1338 2943 1510 3024 Augustam,

344 3043 487 3130 Σωσίβιος
510 3040 557 3108 ἐπί
579 3047 665 3129 κακῷ
680 3039 773 3128 αὐτὴν
788 3042 883 3109 οἴεται
898 3045 1078 3131 φαίνεσθαι·
1103 3041 1192 3117 είδιδς
1212 3036 1264 3110 οὖν
1281 3040 1425 3132 σωτήριόν
1439 3065 1511 3128 φησιν

344 3142 437 3234 αὐτὴν
461 3142 665 3234 δΕίιριττίδης,
693 3148 748 3212 ubi
772 3142 860 3220 είδοίς
883 3169 946 3211 nun
970 3161 1045 3231 puto
1069 3169 1178 3212 verum
1203 3169 1285 3228 esse,
1310 3151 1369 3214 scd
1389 3147 1512 3212 scriben-

344 3252 420 3315 dum
444 3249 535 3330 ίδίως,
562 3253 798 3332 frequentatum
822 3253 1034 3332 grammaticis
1058 3251 1260 3330 vocabulum,
1286 3271 1305 3314 a
1328 3273 1390 3335 quo
1412 3273 1446 3314 ne
1467 3253 1512 3312 ha-

343 3357 402 3418 tini
433 3355 563 3435 quidern
597 3357 695 3436 magis
724 3354 885 3416 abstinent
908 3375 1003 3436 quam
1027 3355 1068 3417 ab
1090 3357 1161 3420 aliis
1184 3354 1323 3416 Graecae
1346 3355 1512 3436 disciplinae
1573 3387 1574 3420 2

346 3458 488 3521 vocibus.
536 3460 569 3520 in
599 3459 725 3522 scholiis
748 3458 956 3522 llobiensihus
980 3461 1012 3520 in
1037 3459 1198 3521 Ciceronis
1220 3460 1394 3520 arationem
1417 3460 1444 3520 in
1464 3455 1512 3516 l'a-

346 3565 459 3626 tinium
476 3583 508 3644 p.
524 3563 586 3624 ata
601 3563 635 3621 ll
652 3560 707 3622 Or.
726 3562 824 3623 llaius
839 3571 974 3625 testatur
989 3562 1130 3624 codicem
1146 3561 1315 3624 evidenter
1331 3563 1388 3624 hoc
1403 3559 1511 3630 habere,

346 3668 387 3729 od
409 3667 584 3750 snperbiam
606 3665 725 3748 quidem
748 3673 776 3727 ct
797 3668 924 3728 nimium
947 3674 1093 3728 tumorem
1116 3667 1213 3728 animi
1233 3665 1372 3747 reserens
1386 3665 1435 3726 boe
1448 3661 1513 3724 dicit

346 3793 452 3848 ιατως;
479 3779 578 3833 tomen
600 3777 707 3832 notare
728 3770 824 3830 veluit
845 3769 1046 3832 insulsitatem
1068 3770 1220 3830 cervicum
1236 3771 1313 3844 eius,
1339 3786 1413 3850 quus
1429 3769 1513 3828 imme

345 3875 445 3937 dicum
462 3873 561 3956 fnisse
575 3873 768 3954 corpulentos
784 3873 938 3934 truditur:
964 3871 1059 3934 habet
1074 3870 1174 3932 codex
1188 3872 1258 3934 sine
1274 3869 1372 3935 dubio
1391 3859 1510 3938 tante,

346 3975 670 4059 coniungendumque
693 3987 741 4038 est
760 3972 842 4046 ἰδίως
858 3984 969 4038 tomen.
1017 3995 1088 4037 cum
1106 3974 1228 4036 Sohisic
1244 3976 1402 4036 consentit
1416 3971 1512 4034 Plinius

345 4081 414 4140 Nat.
447 4080 520 4141 hist.
544 4097 565 4141 u
593 4077 706 4161 §l0l‚
740 4079 878 4140 existunt
905 4079 1014 4153 stellae,
1040 4086 1067 4140 et
1095 4079 1126 4140 ιἰι
1155 4080 1238 4140 meri
1266 4080 1424 4159 terrisque.
1465 4069 1513 4134 rili

346 4183 502 4246 nocturnis
525 4183 654 4244 militnm
677 4182 789 4264 cipiliis
814 4181 973 4244 inhaerere
992 4182 1066 4262 pilis
1085 4201 1144 4262 pro
1167 4181 1248 4244 oollo
1267 4180 1418 4264 sulperem
1438 4175 1511 4258 effici?

347 4303 399 4364 cc,
434 4293 461 4347 et
490 4287 640 4348 antemnis
668 4287 879 4368 accipientium
902 4285 1031 4366 ollisque
1053 4286 1179 4346 nnciam
1200 4283 1343 4366 partibus
1365 4303 1415 4346 ecc
1436 4275 1512 4340 incoli
1572 4353 1573 4382 φ

347 4387 476 4468 quodem
499 4407 571 4449 sono
594 4389 739 4451 insistunt
760 4396 794 4450 nt
816 4389 954 4449 volucres
977 4387 1075 4450 sedem
1098 4406 1141 4449 ιω
1156 4388 1225 4450 sede
1240 4395 1400 4462 mutantes,
1421 4395 1510 4467 proras
1572 4437 1573 4440 ι

347 4511 414 4555 cnm
444 4491 600 4554 solitarios
629 4509 738 4554 venere
768 4500 990 4575 marpantcsqae
1020 4492 1145 4576 navigio
1173 4499 1200 4553 at
1223 4492 1253 4554 si
1275 4491 1307 4552 in
1329 4492 1446 4554 corinoc
1464 4485 1509 4544 noo
1572 4519 1573 4609 η
