3160 5132
349 467 443 530 Sscss
464 485 564 530 nrm
585 487 645 530 rou
667 469 803 529 chsssu
825 469 971 530 Brsrssr.
1183 455 1255 527 105

84 673 121 716 ιιι.
137 655 195 718 337
555 657 609 720 sed
629 665 738 720 uestro
759 658 896 740 requiret

220 759 305 821 Coro
326 760 410 820 ciem
431 762 559 823 mentori
580 762 642 823 iam
659 759 781 842 pridem
803 762 922 843 oopuita
944 769 1033 824 oute.-
1056 833 1058 839 s

83 882 186 943 repone
212 861 334 926 madito
362 870 470 925 mente.
518 863 659 927 Catullus
687 863 729 926 de
758 865 880 945 nuptiis
906 867 980 926 Tum
1008 881 1081 926 vero
1108 865 1202 947 focile
1223 874 1259 929 ut

82 968 191 1028 uuuori
208 965 262 1029 tihi
283 966 405 1028 wrtdito
426 965 516 1029 corde
538 969 621 1029 llaec
643 969 766 1050 vipeout
783 967 940 1030 mandato.
981 970 1125 1031 Lucanus
1140 987 1181 1030 rx.
1200 969 1253 1031 85.

83 1069 200 1151 dausque
225 1068 300 1132 boec
328 1069 475 1133 moudoto
503 1069 627 1152 reliquit
655 1072 810 1152 Pompeius
840 1069 923 1133 vobis
954 1071 986 1132 iu
1009 1078 1116 1152 nostro
1136 1071 1257 1134 modio

81 1192 153 1234 utro.
198 1171 360 1234 Phaedrus
382 1182 457 1235 tuus
480 1171 567 1250 Quod
589 1175 732 1236 strictiore
754 1173 887 1236 coadidit
908 1192 987 1236 curo
1009 1175 1132 1257 copulo.

82 1293 113 1335 u.
129 1276 180 1338 til
214 1277 421 1357 lmmsssispte
443 1283 542 1338 ratem
563 1295 623 1338 suo
640 1293 700 1358 per
719 1276 804 1359 freto
822 1275 972 1358 provehat
993 1278 1108 1340 Euris:

82 1380 160 1438 immo
181 1381 281 1442 curis.
329 1378 406 1442 Euri
430 1380 516 1441 enim
539 1381 653 1462 Minyis
675 1381 770 1461 plsnc
792 1379 918 1442 adversi
942 1377 1087 1442 iuissent.

83 1500 106 1541 v.
122 1481 172 1542 534
541 1501 660 1546 croceos
682 1485 727 1546 sic
750 1483 833 1546 iilius
856 1485 952 1546 omnis
976 1482 1082 1546 odores

218 1587 318 1649 laetat
339 1605 446 1668 epaon
470 1587 569 1649 unctas
592 1589 636 1650 sic
658 1595 703 1650 cst
723 1605 809 1650 como
831 1587 913 1649 culto
935 1587 1092 1668 manipiis.

82 1689 161 1770 Epeos
175 1691 352 1771 posteriore
367 1689 477 1751 brevis
491 1700 551 1768 est,
568 1709 629 1752 nec
643 1709 661 1752 a
677 1708 808 1752 caesura
824 1690 961 1754 iuvatur.
998 1687 1103 1752 scribe
1119 1691 1255 1753 cunctis:

82 1794 161 1854 suus
182 1811 284 1874 eques,
310 1794 425 1856 cunctis
448 1794 603 1874 manipiis.
652 1792 854 1873 manipularii
877 1804 952 1856 sunt
974 1793 1109 1876 pedites.

83 1913 131 1956 rac
147 1897 207 1957 338
367 1903 394 1958 et
415 1897 600 1958 Haemonius
622 1895 708 1958 uobis
731 1895 868 1958 succedet
889 1896 1034 1960 adulter?

84 2000 185 2080 corrige
215 1999 361 2062 subsidet.
407 1999 531 2080 Virgilii
561 2000 664 2062 locum
686 1998 728 2060 oh
749 1999 855 2062 oculos
878 1999 1006 2063 hahuit:
1040 1999 1160 2063 deuicto
1180 1997 1257 2063 Asia

87 2101 197 2166 subsedit
219 2103 362 2181 adulter;
386 2103 441 2185 qui
464 2113 495 2164 et
513 2103 588 2166 hinc
603 2101 813 2184 explicandus
828 2113 877 2166 est
892 2113 923 2166 et
938 2104 1018 2166 lorte
1034 2103 1253 2184 corrigendus.

85 2205 145 2267 nihil
165 2206 229 2270 huc
251 2207 325 2269 iacit
347 2207 464 2269 Lucsni
487 2205 573 2269 loeus
596 2208 707 2269 vest.

219 2312 292 2372 lure
313 2310 367 2373 sed
389 2313 502 2372 incerto
524 2309 633 2372 muudi
652 2309 810 2373 subsidere
831 2328 960 2393 reputem

220 2413 379 2476 Chalcidos
400 2413 548 2476 Euboicae
569 2432 655 2476 coac
675 2433 729 2496 spe
750 2420 838 2495 rupte
857 2405 1019 2494 porobcs.¹

81 2515 167 2594 quid?
186 2535 229 2580 an
252 2535 381 2600 repuum
401 2535 557 2597 occupare
579 2517 677 2580 vellet
698 2526 826 2580 senator
847 2517 1028 2580 Romanus?
1050 2526 1082 2579 ct
1105 2515 1254 2580 iuvideu-
1267 2537 1313 2585 sos

81 2615 143 2680 dum
169 2603 246 2683 sine
279 2638 414 2701 reguum
442 2621 539 2684 unius
561 2620 727 2703 oppiduli?
757 2630 788 2682 et
814 2620 1000 2706 historiast
1023 2621 1258 2701 ipsehucanus

80 2719 231 2788 lectionem
255 2724 338 2786 huuc
360 2723 543 2805 repudiant.
590 2723 661 2804 lego

217 2829 292 2890 lure
314 2846 365 2890 sus
388 2829 501 2892 iaocrto
523 2827 632 2892 muudi
652 2827 810 2892 subsidere
830 2846 862 2889 ur
885 2841 963 2894 soso

221 2930 379 2996 Chalcidos
399 2940 460 2994 etc.
944 2987 945 2994 ,

78 3029 127 3094 hoc
147 3043 208 3114 est,
234 3053 332 3098 sensu
354 3034 588 3116 receptissimo,
615 3034 731 3114 lutere,
757 3032 840 3098 hello
855 3053 976 3116 cerere,
1001 3043 1132 3098 neutras
1150 3043 1259 3116 partes

78 3138 172 3216 sequi;
199 3147 234 3200 ut
256 3138 392 3220 probant
415 3157 497 3219 quse
519 3137 626 3200 statim
650 3148 847 3220 sequuntur:

217 3243 285 3304 lieu
307 3241 431 3304 demus
452 3241 571 3304 nudum
594 3240 665 3304 betti
686 3243 798 3304 sentire
816 3241 976 3326 fropcreru

222 3346 273 3408 Tot
295 3345 403 3407 muudi
424 3345 562 3408 caruisse
584 3343 694 3407 molis:

79 3455 105 3506 et
124 3446 206 3528 quod
227 3459 318 3512 vates
339 3449 529 3530 promiserat
551 3467 582 3510 v.
603 3448 664 3508 395

566 3552 707 3634 solusque
729 3552 856 3635 prietem

216 3653 343 3718 Euboici
362 3662 453 3718 costo
475 3656 581 3718 icteris
604 3655 740 3718 couvoite
763 3654 894 3718 tenebis:

78 3751 125 3816 uhi
147 3757 249 3840 inepte
273 3757 355 3822 illud
376 3767 478 3822 costo.
525 3759 654 3840 scripsit
676 3767 769 3840 poeta
791 3765 867 3821 tuta.
916 3778 989 3820 mox

115 3877 144 3920 v.
160 3862 217 3924 230
655 3869 773 3926 secreto
795 3860 905 3924 tenebis

215 3947 341 4029 Litteris
363 3964 489 4028 Euboici
509 3965 704 4028 memorando
726 3965 847 4028 condita
869 3963 964 4027 busto.

79 4063 158 4129 vides
182 4071 294 4151 opinor
322 4068 403 4131 nihil
425 4068 478 4131 hic
500 4066 540 4132 de
568 4087 666 4150 regno
690 4067 771 4148 dici,
804 4077 964 4131 secretum
987 4063 1097 4146 modo,
1130 4084 1252 4152 pacem,

79 4169 214 4254 quietem,
239 4169 379 4236 latebras
402 4181 434 4235 et
455 4173 596 4253 promitti
620 4173 768 4235 vaticinio
785 4181 816 4235 et
832 4169 971 4252 impleri.
1018 4169 1110 4250 quale
1126 4167 1255 4230 tandem
1374 4229 1378 4238 ,

80 4269 148 4335 illud
172 4275 363 4339 memuoudo
393 4274 502 4338 busto?
536 4276 667 4338 historic
696 4277 755 4337 hoo
786 4273 913 4338 refellit.
960 4270 1001 4335 ah
1030 4282 1158 4334 auctore
1188 4281 1257 4334 erat

79 4376 235 4443 mussando
257 4379 354 4456 busto,
380 4377 466 4460 quod
488 4387 520 4442 et
541 4377 618 4441 clihi
642 4387 786 4461 usurpat.

154 4479 251 4565 lique
275 4484 354 4546 hsce
376 4481 408 4544 in
430 4483 613 4564 praeseutia
636 4482 677 4545 de
699 4483 824 4546 Valerio
847 4481 941 4558 satis;
969 4482 1060 4543 cuius
1082 4489 1118 4542 ut
1140 4489 1172 4542 et
1193 4481 1256 4541 Lu-

82 4583 142 4644 rsni
168 4595 198 4649 et
218 4587 286 4652 Silii
316 4583 349 4650 id
377 4586 477 4649 istum
507 4595 575 4648 erat
604 4595 638 4650 ut
667 4585 718 4649 vel
748 4586 853 4648 statim
881 4593 952 4665 post
973 4583 1036 4646 ists
1058 4582 1255 4665 singulorum
