3178 5136
349 389 422 462 532
742 405 786 465 Ex
809 423 905 466 assai
928 407 1137 468 Brioumsssr.

345 593 489 656 Palilieni
503 593 699 654 testimonia:
724 593 975 656 sedneeessaria
998 592 1211 658 aautiuuauda
1234 603 1302 656 erat
1324 593 1430 656 eadem
1450 613 1507 655 ara-

287 685 449 760 tsrtianis¹
470 696 648 776 fermeque
670 706 764 759 autea
779 695 898 760 dieitur
920 705 954 760 at
974 706 1019 774 tu,
1044 716 1099 761 sea
1120 697 1267 779 rapidum
1285 699 1351 779 pati
1367 715 1422 779 per
1435 713 1509 758 amm

342 799 454 860 Faaiue
475 797 621 861 curabas
642 798 764 861 ardisus
785 799 922 876 levabis,
949 802 1018 878 Qua
1040 809 1174 884 serpant
1193 801 1316 862 mae
1334 801 1506 881 pemani.

345 902 458 963 Terras
480 901 610 982 despicis
632 909 661 963 et
679 901 845 983 sepulchra
866 903 967 982 rides,
995 904 1056 966 Sea
1075 905 1164 985 pacis
1190 906 1331 966 mmmm
1353 919 1450 964 asnaa
1470 919 1510 962 re·

340 1007 445 1066 clusae
467 1005 556 1066 Pelia
577 1005 693 1086 Elysiis
713 1011 794 1068 tenes
818 1007 850 1067 ia
872 1007 955 1083 aiis,
995 1007 1060 1083 Qua
1085 1005 1265 1070 Pharsaliea
1293 1005 1383 1069 ueta
1402 1023 1510 1087 erepe-

339 1114 443 1189 paucr,
469 1109 507 1169 Et
528 1115 557 1169 te
577 1106 674 1170 aabile
696 1125 822 1170 carmen
844 1110 1035 1172 insensatus
1058 1111 1190 1191 Priapeii
1214 1111 1397 1173 minitantur
1416 1115 1443 1170 et
1462 1107 1511 1168 Ga·

341 1217 436 1272 tames.
481 1208 658 1272 absolvitur
685 1212 785 1272 aratia
805 1231 835 1272 v.
856 1212 928 1290 tae,
964 1212 1051 1276 adsis
1083 1211 1205 1275 besides
1235 1220 1264 1275 et
1292 1219 1414 1274 manua
1442 1209 1510 1270 Palla

345 1313 455 1388 Usum,
481 1329 602 1394 maere,
627 1313 707 1375 diem
726 1313 797 1377 deas
818 1314 962 1376 silenitem
975 1317 1107 1378 limmat.
1131 1316 1248 1378 mirum
1271 1323 1319 1376 est
1342 1322 1443 1378 autem
1463 1330 1510 1374 ue·

341 1433 404 1496 que
419 1415 638 1479 llerklandum
660 1435 766 1498 neque
788 1418 865 1480 alias
887 1416 1125 1480 attendissem
1146 1419 1256 1494 assem,
1282 1416 1369 1498 quad
1390 1414 1509 1478 umbem

342 1519 484 1600 ineptum
508 1530 556 1582 ast
579 1520 673 1601 sique
697 1538 780 1600 quae
803 1521 979 1601 requiritur
1000 1521 1176 1584 senteniae
1199 1521 1404 1582 eontrarium.
1445 1519 1512 1580 seii·

342 1620 484 1685 bendum
506 1623 646 1686 estsine
669 1624 870 1686 cunctatione
891 1625 1002 1688 mesas.

428 1757 518 1821 xcll.
556 1761 705 1824 Martialis
725 1780 745 1821 x
767 1761 802 1819 51

507 1898 620 1959 Sidera
643 1899 704 1960 iam
731 1900 840 1980 Tyrias
865 1897 995 1962 Plurimi
1014 1901 1138 1982 respicit
1160 1899 1234 1981 aprti

538 2008 651 2064 taurus
673 2009 702 2064 et
723 2002 876 2064 alternam
901 2003 1031 2064 Gustare
1049 2001 1130 2084 sapit
1150 2001 1256 2077 hams,

495 2103 576 2167 ridet
597 2122 682 2187 aper,
708 2107 838 2167 vestitur
859 2104 981 2182 bamus,
1007 2106 1136 2168 vestitur
1157 2111 1186 2168 et
1207 2103 1311 2182 arbor,

538 2209 706 2269 Ismarium
724 2208 840 2288 paelem
861 2204 962 2270 Attica
980 2207 1086 2290 plorat
1107 2209 1188 2290 ltpn.

494 2328 578 2392 qaas,
606 2312 758 2390 Familiae,
785 2311 863 2388 dies,
887 2312 992 2392 quates
1016 2309 1070 2373 tibi
1090 2313 1185 2372 llama
1206 2313 1373 2374 llaveaaae

537 2411 673 2476 abstulit.
715 2415 843 2490 aeoles,
869 2434 885 2475 a
909 2414 1048 2476 tunicata
1069 2413 1165 2496 quies,

494 2537 510 2578 a
532 2535 651 2594 memus,
677 2514 813 2598 assatas
835 2516 1025 2598 solidumque
1046 2516 1197 2580 madeatis
1220 2535 1334 2578 arenae

537 2621 610 2683 litus
633 2627 660 2682 et
682 2622 839 2701 mperes
861 2620 1042 2701 splendidas
1065 2617 1182 2684 lemur
1204 2621 1292 2702 aquis

495 2731 522 2785 et
543 2743 604 2784 aaa
626 2725 720 2785 anias
742 2730 893 2804 spectator
916 2723 1044 2786 lectulus
1066 2723 1168 2786 aedae

538 2829 593 2908 qai
613 2826 694 2888 ac'det
714 2826 785 2888 blac
803 2844 923 2907 puppes
943 2827 1093 2906 flaicinis,
1122 2825 1191 2888 iude
1213 2827 1320 2888 maris.

495 2929 548 2992 sed
568 2948 623 2991 aec
645 2929 787 2992 Marcelli
809 2932 1079 3012 Pompeiaaumpue
1101 2947 1156 2992 mec
1178 2929 1240 2990 illic

541 3040 612 3095 suat
636 3033 771 3113 triplices
794 3031 927 3094 thermae
949 3051 1004 3094 aec
1022 3031 1097 3112 sara
1119 3033 1224 3094 iaacta
1246 3039 1354 3112 quater

494 3153 549 3197 aec
574 3135 736 3217 Capitolini
756 3153 908 3197 smamum
927 3135 1083 3216 penetrale
1106 3135 1239 3197 tonantis

538 3255 672 3319 quaeqae
694 3239 790 3300 aileat
810 3239 893 3300 caela
912 3239 1063 3319 pramima
1085 3238 1196 3318 templa
1218 3255 1285 3299 sae.

494 3341 594 3402 dicere
617 3349 643 3402 te
666 3341 782 3403 lassam
804 3343 940 3422 quatieris
962 3359 1014 3425 epa
1037 3341 1125 3404 arma
1149 3341 1279 3417 Quirina

540 3447 629 3524 ‘quae
652 3451 706 3505 taa
728 3451 799 3506 suat
822 3441 877 3505 tibi
895 3442 983 3520 labe,
1007 3462 1084 3525 puae
1106 3461 1173 3505 mea
1195 3444 1289 3506 redde
1311 3443 1404 3505 mmi'

338 3585 432 3664 plana
462 3592 537 3645 sunt
566 3581 672 3643 omnia
704 3582 737 3642 ia
767 3581 825 3642 bae
858 3581 1086 3660 epigrammate
1108 3591 1238 3660 praeter
1260 3583 1419 3642 liutem
1439 3573 1506 3657 quad

338 3705 435 3748 versu
457 3688 569 3766 quinto
592 3683 717 3762 legitur.
766 3681 800 3745 id
823 3684 913 3745 enim
934 3701 1065 3765 prorsus
1091 3684 1180 3744 nihili
1205 3693 1264 3744 est.
1313 3701 1413 3764 aeque
1433 3681 1506 3760 quic-

338 3807 432 3869 quam
456 3787 584 3868 prodest
600 3784 687 3867 quod
708 3786 741 3846 iu
758 3783 973 3847 deterioribus
996 3785 1088 3848 libris
1110 3787 1234 3866 quahm
1254 3787 1406 3867 seriptum
1427 3791 1469 3844 est
1483 3789 1505 3841 et
1571 3849 1572 3860 χ

341 3911 532 3953 raaeaaam:
565 3890 683 3951 etenim
707 3907 813 3969 neque
836 3909 894 3970 per
917 3908 950 3950 se
975 3887 1007 3950 id
1037 3890 1227 3950 seutentiam
1250 3888 1381 3970 praebet
1409 3889 1504 3949 iustam
1571 3879 1572 3946 l

339 4004 370 4056 et
392 3993 594 4074 perspicuam
618 4010 726 4072 neque
749 3992 933 4052 Faustinum
956 3993 1126 4054 Ravennae
1148 3993 1257 4053 vivere
1281 3993 1403 4053 solitum
1424 3987 1504 4049 fuisse

338 4094 479 4158 Anxuris
502 4096 619 4157 mentia
641 4094 841 4175 apertissime
864 4093 966 4156 deaet.
1014 4096 1114 4156 sensit
1136 4095 1249 4156 vitium
1282 4094 1375 4156 Italus
1396 4093 1445 4172 qui
1466 4105 1504 4148 re·

337 4217 440 4260 cessas
463 4199 609 4278 scripsit,
636 4197 723 4277 quad
746 4208 794 4258 est
818 4199 850 4258 in
875 4197 1113 4277 exemplaribus
1135 4197 1251 4259 Romae
1273 4216 1355 4258 anna
1376 4207 1503 4256 naalma

338 4302 510 4381 evulgatis;
538 4319 667 4362 sanasse
690 4299 769 4362 illud
793 4298 1003 4379 probabiliter
1024 4319 1088 4362 nau
1111 4299 1275 4381 putandus
1299 4309 1356 4362 est.
1390 4293 1502 4378 quodsi

336 4405 520 4484 quaerimus
535 4402 622 4484 quod
643 4413 676 4465 et
704 4404 881 4464 sententiae
915 4413 1065 4484 congruat
1095 4411 1127 4465 et
1154 4405 1188 4464 in
1216 4421 1373 4464 reuersae
1399 4397 1498 4484 mutari

336 4525 428 4586 posse
452 4506 665 4586 intellegatur,
690 4505 782 4582 nihil,
806 4515 894 4585 pute,
921 4506 1037 4568 melias
1059 4516 1108 4570 est
1130 4523 1228 4586 quam
1249 4506 1319 4584 baa,
