3182 5132
569 443 674 504 Varla.
1142 431 1217 504 465

43 634 131 696 aialim
159 619 317 710 erratque¹
346 630 563 694 Buechelerus
592 649 664 694 oum
691 630 844 711 sennenn
874 650 947 694 eum
976 631 1096 696 habere
1118 635 1212 697 dioit:
1228 647 1276 696 tos

44 756 101 798 nam
130 735 161 796 in
186 735 322 815 imagine
339 734 457 797 'horum
480 751 634 796 versuum
657 753 752 814 quarn
775 735 911 798 Polenus
932 733 1023 798 dedit
1046 738 1216 819 perspicue

42 841 178 920 scriptun}
202 835 447 919 estiomenus,
473 837 515 898 ita
538 835 668 917 quidem
692 847 726 899 ut
748 855 786 900 us
807 838 931 900 litterae
947 856 1011 900 uno
1026 838 1125 903 ductu
1140 861 1217 903 eon·

42 945 208 1022 iungantur.
256 939 387 1002 videtur
414 949 520 1002 autem
546 937 711 1020 sandalias
741 940 838 1003 multo
868 942 1077 1022 periculosius
1100 947 1215 1006 mutari

43 1046 67 1106 in
84 1045 313 1125 [raodamentam
336 1061 432 1123 quam
455 1047 620 1104 omiooctns
644 1042 813 1104 initamini
835 1046 947 1108 setius.

114 1199 216 1260 XXIV.
257 1198 383 1260 Tacitus
406 1198 438 1258 in
461 1196 588 1278 Dialogo
610 1217 638 1258 o.
657 1197 692 1258 et
722 1207 757 1260 ut
779 1197 925 1261 ostendat
955 1200 1070 1260 oratori
1094 1198 1217 1263 artibus

43 1300 212 1382 inplendum
237 1319 306 1362 esse
331 1309 441 1380 pectus
463 1317 569 1379 neque
592 1317 684 1380 posse
708 1301 777 1362 fieri
800 1302 1003 1382 eloquentem
1026 1303 1095 1364 sine
1112 1303 1216 1383 philo-

40 1405 153 1485 sophiae
169 1403 349 1482 cognitione
372 1403 457 1464 inter
471 1401 531 1464 alia
556 1401 634 1463 haec
655 1401 743 1483 dicit,
770 1403 886 1466 dabunt
903 1401 1076 1466 Academici
1092 1425 1216 1488 papnn-

40 1511 152 1587 n'totem,
181 1503 263 1568 Plato
287 1506 485 1584 altitu-clinem,
512 1505 670 1586 Xenophon
693 1505 919 1586 iucunditatem,
945 1526 982 1568 ne
996 1509 1125 1588 Epicuri
1146 1509 1217 1590 qni·

40 1613 95 1672 <len
117 1619 142 1674 et
162 1610 332 1673 Metrodori
351 1609 491 1672 honestes
511 1609 661 1689 quasdam
677 1609 915 1672 exclamationes
937 1628 1095 1672 assumere
1118 1613 1213 1691 iisqne

38 1722 119 1794 prout
140 1731 187 1775 ree
216 1714 313 1793 parcit
341 1714 388 1773 ati
416 1712 550 1774 alienum
579 1712 638 1772 erit
664 1713 792 1774 oratori.
831 1714 1029 1795 nequeenim
1051 1716 1214 1794 sapientem

41 1817 228 1896 informamus
250 1834 345 1897 nepae
362 1816 531 1877 Stoicorum
548 1815 708 1894 civitatem,
734 1817 788 1878 sed
806 1835 873 1878 eam
896 1818 952 1897 qrri
964 1817 1115 1898 quasdam
1132 1825 1215 1880 ortes
1298 1837 1305 1850 ·

39 1920 166 1998 henrice,
202 1937 305 1980 omnes
339 1917 437 1981 libore
469 1918 561 1980 debet.
608 1927 766 1997 postrema
801 1920 977 1981 rectissime
1011 1920 1053 1981 ita
1087 1919 1215 2000 scripsit

39 2024 205 2086 Bellerus:
232 2039 339 2102 neque
363 2023 449 2083 enirn
469 2020 607 2084 dubitari
632 2031 733 2100 potest
757 2023 894 2102 elipsio
917 2023 1028 2084 condire
1052 2023 1120 2084 iure
1144 2041 1215 2083 rnu-

40 2135 123 2188 taturn
146 2144 214 2188 esse
239 2124 272 2184 in
295 2124 423 2186 haurire
451 2142 558 2204 neque
582 2123 666 2204 quod
696 2122 768 2186 libri
796 2124 915 2187 habent
937 2125 1104 2188 liberaliter
1126 2123 1215 2187 aliud

39 2239 82 2290 aut
101 2229 170 2308 plus
192 2224 336 2288 reaondit
364 2244 459 2306 quarn
489 2225 597 2288 libare.
644 2226 773 2290 luerunt
802 2237 907 2290 tamen
931 2229 985 2309 qui
1010 2229 1043 2289 in
1066 2227 1216 2290 litterulis

40 2331 281 2393 inhaerescentes
311 2328 440 2390 meliora
464 2339 666 2410 quaererent.
708 2330 788 2392 alius
818 2330 960 2394 scribere
989 2331 1088 2393 voluit
1118 2331 1215 2393 libare

38 2433 141 2495 litteras
163 2451 268 2512 neque
291 2430 373 2493 vidit
395 2441 465 2513 post
487 2440 570 2494 ortes
593 2450 656 2493 non
686 2435 837 2495 concinne
866 2429 985 2495 litteras
1008 2433 1094 2496 eddi.
1134 2434 1215 2496 alius

38 2535 121 2598 lihore
142 2533 235 2597 obiter
258 2533 399 2615 protulit,
426 2534 573 2598 similiter
601 2534 682 2598 alius
710 2534 807 2597 libare
830 2536 957 2598 leniter:
996 2538 1146 2599 nimirum
1171 2537 1213 2598 ita

39 2637 247 2701 inculcandum
272 2647 341 2699 erat
371 2655 434 2698 non
457 2638 553 2698 nimis
575 2635 769 2700 studendum
794 2657 863 2700 esse
886 2636 1021 2701 artibus.
1062 2657 1211 2719 perversa

38 2751 75 2802 est
98 2743 153 2803 ista
168 2739 270 2802 libido
287 2737 479 2802 emendandi
495 2759 532 2802 ea
555 2757 636 2820 quae
660 2740 796 2821 sirnpliei
813 2749 844 2802 et
866 2759 942 2802 vero
965 2741 1081 2803 iudioio
1106 2759 1215 2802 emen-

39 2843 99 2905 data
120 2852 204 2906 sunt.
230 2841 288 2904 sed
312 2841 451 2904 nondum
475 2851 559 2904 recte
584 2843 751 2906 emendata
768 2853 842 2905 sunt
858 2862 939 2923 quae
956 2853 1048 2905 antea
1064 2843 1215 2922 leguntur

40 2967 120 3028 nequ
142 2951 220 3010 enim
245 2948 411 3026 sapientem
433 2945 638 3026 informamus
660 2965 755 3028 neque
771 2947 940 3008 Stoicorum
955 2947 1116 3008 civitatem.
1158 2945 1215 3005 hu-

881 3057 905 3088 hv

39 3101 102 3163 hant
124 3105 277 3183 pleraque
294 3101 477 3182 apographa
498 3102 658 3178 civitatem,
686 3100 839 3182 optimum
859 3103 953 3180 citam,
981 3101 1012 3162 in
1031 3119 1092 3180 quo
1109 3099 1214 3161 neseio

38 3215 131 3266 utrum
154 3204 235 3267 illud
257 3223 297 3265 an
332 3202 419 3264 aliud
453 3204 564 3281 lateat,
602 3213 726 3266 certum
759 3213 865 3266 autem
895 3214 942 3266 est
977 3205 1121 3284 ineptum
1144 3221 1214 3265 esse

38 3309 172 3369 a'n'mtem
201 3326 308 3388 neque
338 3307 443 3368 minus
472 3307 616 3387 ineptum
647 3315 742 3368 artem
773 3307 859 3387 quod
889 3307 922 3367 in
950 3326 1013 3368 uno
1036 3305 1216 3388 apographo

37 3421 86 3471 est.
122 3411 237 3473 frustra
261 3408 391 3471 luerunt
420 3410 512 3472 etiam
534 3408 746 3472 Doederlinus
768 3419 799 3471 et
822 3411 970 3488 llaasius,
1003 3428 1138 3490 quorum
1162 3409 1215 3470 ille

37 3515 128 3590 ciram,
154 3515 216 3590 hie,
243 3512 347 3575 lenius
367 3512 499 3592 scilieet,
527 3513 621 3574 civem
640 3513 771 3593 clr'qaem
794 3511 1001 3575 scribendum
1028 3531 1097 3574 esse
1120 3521 1215 3592 puta-

38 3616 89 3676 rit:
113 3617 198 3697 atqui
223 3616 302 3677 civis
325 3616 501 3678 Stoioorurn
525 3633 587 3676 non
610 3615 717 3676 minus
739 3613 878 3678 absurde
901 3633 995 3694 quant
1012 3616 1123 3677 civitas
1139 3633 1215 3674 oon-

38 3729 227 3782 memoratur.
268 3718 348 3780 nihil
371 3718 424 3778 hio
453 3716 515 3781 diei
539 3718 641 3798 potuit
670 3718 731 3779 nisi
759 3720 887 3798 sapiens
910 3717 1104 3794 Stoicorum,
1137 3735 1215 3796 per-

37 3817 126 3882 lectus
147 3823 199 3884 ille
224 3831 256 3884 et
287 3824 320 3882 in
348 3840 382 3882 se
412 3829 495 3882 totus
523 3830 608 3882 teres
636 3829 732 3901 atque
762 3819 928 3882 rotundus.
968 3820 1095 3900 scripsit
1117 3819 1216 3898 igitur

36 3923 147 3986 Tacitus
169 3943 265 4006 neque
287 3926 367 3986 enim
389 3925 556 4004 sapientem
579 3923 783 4004 informamus
799 3924 978 4000 Stoicorum,
1005 3921 1058 3984 sed
1081 3939 1146 3983 eam
1162 3923 1217 4001 qui

35 4028 170 4104 quosdam
193 4037 277 4090 ortes
299 4027 439 4104 interire,
466 4043 567 4088 omnes
591 4026 689 4089 libare
703 4025 795 4088 debet.
834 4045 905 4087 oum
928 4033 1035 4088 autem
1057 4041 1151 4105 neque
1175 4022 1214 4084 ab

36 4129 129 4209 aliquo
151 4130 279 4193 librario
301 4141 422 4192 temere
447 4131 594 4192 iteratum
618 4140 711 4208 esset,
745 4127 889 4191 additum
905 4137 953 4190 est
969 4145 1082 4190 nomen
1099 4146 1136 4188 ex
1152 4146 1214 4208 quo

37 4230 193 4295 Stoicorum
216 4232 481 4314 suspenderetur.
507 4232 592 4313 quod
615 4250 730 4294 nomen
755 4241 862 4294 utrum
886 4232 1036 4293 ciuitatem
1058 4228 1155 4292 luerit
1174 4249 1214 4291 an

36 4343 120 4397 ortem
143 4357 182 4400 an
206 4335 349 4416 denique
372 4336 459 4400 aliud
484 4337 596 4398 inutile
620 4344 668 4398 est
690 4351 857 4414 quaerere.
889 4341 1120 4413 potestantem
1146 4333 1213 4394 lieri

36 4445 65 4496 ut
85 4457 143 4502 non
170 4439 373 4521 neglegentia
402 4437 460 4502 sed
488 4438 564 4500 lalsa
597 4439 745 4518 opinione
779 4436 957 4517 peccaverit
987 4434 1137 4496 librarius
1159 4435 1213 4514 qui

36 4550 95 4615 post
115 4561 208 4626 neque
232 4543 370 4605 alterum
392 4560 489 4623 neque
512 4541 703 4621 requireret.
