3156 5132
543 409 712 471 Asianum.
1145 395 1215 467 351

54 607 155 660 comem
177 599 307 660 omumm
330 597 553 680 turpitudinum
575 599 778 661 motmtoetsset.
825 598 1063 680 ignominiosius
1084 595 1223 659 vocabu-

55 701 108 762 lum
130 700 259 764 acerbae
282 701 467 764 Tertulliani
490 702 623 763 orationi
647 702 804 782 imprimis
827 703 986 763 convenit.

127 806 189 866 XX.
213 803 354 866 Alcimus
374 802 488 867 Avitus
510 805 646 884 epistula
662 805 700 866 63
725 824 758 885 p.
778 804 838 864 tte
862 805 957 866 Sirm.
982 803 1156 885 Apollinari
1173 805 1223 866 st-

52 905 135 968 donio
156 925 188 970 se
211 918 341 970 excuset
363 905 449 989 quod
472 926 489 970 a
510 906 582 968 testi
598 905 651 968 die
665 907 890 988 celebratione,
915 907 956 970 ad
971 925 1066 988 quam
1080 906 1134 968 ille
1151 925 1223 969 eum

52 1010 237 1090 invitaverat,
262 1009 391 1090 aluerit,
417 1019 448 1072 et
471 1029 541 1073 eum
556 1007 749 1092 Apollinaris
771 1011 874 1092 pisces
897 1012 926 1072 ei
949 1011 1089 1072 misisset
1106 1009 1225 1090 quibus

51 1113 186 1176 iniuriam
209 1115 419 1176 ulcisceretur
446 1114 499 1197 (ita
523 1115 608 1175 enim
631 1114 750 1176 iocatus
771 1113 864 1195 erat),
890 1116 958 1196 ipse
974 1115 1068 1175 etiam
1084 1112 1226 1195 piscihus

51 1214 156 1278 donum
178 1227 413 1282 remuneratur.
459 1223 521 1279 octo
541 1217 697 1298 palustres
720 1218 787 1298 quis
807 1218 880 1298 quia
899 1236 932 1279 se
946 1216 1006 1280 duo
1018 1217 1114 1298 paria
1128 1215 1230 1303 solea-¹

52 1337 126 1399 rum,
157 1339 235 1403 quae
257 1321 397 1385 uomitus
420 1322 595 1396 maceratis,
621 1321 812 1402 aliquatenus
835 1327 1013 1400 cmuomtut,
1044 1338 1105 1382 mou
1126 1326 1227 1384 tamm

52 1441 86 1484 au
111 1427 223 1508 intepro
251 1424 366 1487 matum
393 1443 451 1506 pro
479 1423 560 1486 mulo
581 1423 729 1499 reddens,
762 1423 878 1485 diremi.
924 1423 966 1486 ad
988 1425 1092 1506 prima
1112 1425 1224 1504 verba,

52 1546 122 1606 quae
152 1528 295 1609 intellegi
318 1536 503 1608 nequeunt,
536 1525 724 1588 sirmondus
745 1527 816 1588 vitii
839 1535 943 1589 notam
966 1526 1127 1610 adponere
1151 1529 1228 1591 satis

54 1629 160 1711 habuit,
187 1631 327 1712 (langius
349 1630 382 1691 in
406 1629 555 1710 glossario
578 1629 736 1711 palustres
758 1628 990 1711 intellegendas
1010 1649 1079 1693 esse
1095 1630 1230 1693 coniecit

52 1751 133 1796 aucas
162 1735 214 1797 vel
244 1744 372 1813 anates,
406 1741 547 1796 cetarum
577 1733 688 1796 vitiosa
716 1733 797 1795 solos
825 1732 949 1796 codices
977 1751 1072 1796 manu
1094 1734 1229 1814 scriptos

52 1854 151 1898 sanare
180 1855 288 1918 posse.
342 1837 419 1898 mihi
448 1837 543 1898 etiam
573 1836 642 1897 sino
672 1835 827 1898 librorum
861 1835 1053 1899 adminiculo
1082 1836 1115 1899 id
1144 1835 1230 1917 quod

52 1937 177 2002 Alcimus
200 1939 331 2022 scripsit
353 1937 482 2002 videtur
503 1959 595 2020 posse
619 1940 762 2002 restitui:
788 1946 849 2002 ceto
869 1940 1026 2021 palustres
1041 1940 1230 2021 quisquilias

52 2053 77 2104 et
100 2043 157 2106 duo
183 2044 283 2125 paria
308 2043 473 2105 solearum.
521 2043 625 2123 pisces
648 2060 728 2123 quos
750 2042 872 2105 urbana
895 2041 1145 2105 dissimulatione
1168 2059 1230 2104 non

53 2148 144 2225 magni
173 2147 274 2227 pretii
302 2165 371 2208 esse
394 2145 551 2227 significet
574 2145 681 2208 dicere
706 2165 778 2208 eum
801 2146 991 2227 quisquilias
1013 2165 1075 2207 non
1097 2143 1231 2208 mirabi-

54 2251 168 2330 tarqui
194 2250 305 2330 legere
327 2267 362 2310 se
385 2249 570 2312 meminerit
590 2247 676 2329 apud
697 2247 869 2330 Apuleium
883 2251 1008 2311 lletam.
1026 2269 1036 2310 1
1053 2251 1092 2312 tt
1116 2269 1149 2330 p.
1169 2249 1228 2309 tta

54 2351 121 2414 Elm.
145 2350 329 2428 mucetum,
354 2354 463 2434 quippe
485 2353 538 2433 qui
559 2354 621 2414 tum
642 2369 733 2413 omae
755 2351 884 2433 adfatim
902 2354 1040 2434 piscatus
1060 2369 1233 2434 prosperae·

53 2475 159 2519 ramus.
207 2455 264 2518 sed
285 2457 365 2517 euim
389 2453 511 2536 Pythias
533 2456 602 2517 cisa
622 2455 762 2536 sportula
782 2457 992 2537 scamarisque
1012 2457 1044 2516 iu
1059 2455 1234 2537 adspectum

52 2559 212 2637 pluriorem
237 2555 374 2640 pactam
410 2558 460 2619 ‘at
485 2556 542 2620 ltus
571 2558 751 2640 quisquilias
779 2560 887 2640 quauti
912 2559 1070 2640 parastit’
1105 2556 1233 2620 eosdem

55 2662 210 2740 pisciculos
235 2661 361 2742 Pythias
383 2679 457 2722 mox
479 2658 557 2723 dioit
577 2668 762 2744 uupauteuta
784 2672 816 2723 et
835 2661 975 2742 frivolos.

128 2767 210 2828 XXI.
238 2765 262 2824 l.
279 2763 318 2825 A.
337 2763 372 2826 G.
390 2763 550 2826 lleusdius
572 2765 605 2825 in
628 2763 898 2826 Miscellaneorum
922 2764 1180 2846 philologicorum
1203 2773 1235 2826 et

55 2868 329 2950 paedagogtoorum
351 2876 433 2928 tomo
449 2886 482 2945 u,
508 2867 562 2946 qui
577 2865 803 2928 Amstelodami
822 2884 904 2928 anno
920 2885 1036 2928 uncam
1053 2865 1159 2928 editus
1174 2878 1232 2946 est,

56 2988 82 3048 p.
98 2970 135 3042 te
159 2991 200 3034 ex
224 2971 381 3032 Francisci
404 2970 568 3032 Petraroae
592 2970 751 3032 luvectiva
775 2970 807 3031 in
831 2968 970 3032 medicos
991 2971 1070 3032 haec
1091 2971 1233 3051 protulit,

55 3072 258 3157 tellipermttes
287 3072 357 3136 deos
386 3074 513 3135 invicem
535 3074 685 3135 Homerus
707 3081 735 3135 et
762 3072 906 3156 Virpilius
925 3071 1084 3155 feceruut:
1110 3081 1238 3155 propter

57 3177 125 3256 quod
145 3175 273 3240 Atltertis
288 3177 453 3238 Hunorum
471 3195 531 3256 pro
554 3177 663 3238 iuaaac
684 3175 819 3238 lubitum
836 3177 993 3239 cornutus
1008 3178 1108 3258 Nepos
1129 3174 1235 3258 refert,

57 3283 236 3362 putavitque
252 3297 287 3342 se
304 3279 490 3360 particulam
505 3279 732 3342 chronicorum
747 3280 876 3360 Nepotis
891 3279 1098 3360 reciperasse.
1131 3289 1239 3342 contra

58 3381 329 3461 Schneidewinus‚
354 3383 410 3463 qui
433 3380 518 3462 quod
542 3382 594 3444 ille
612 3383 755 3464 repperit
775 3383 942 3462 praeconio
957 3381 1101 3464 divulgat
1115 3383 1148 3444 in
1165 3383 1239 3444 Phi·

60 3483 148 3566 lologo
170 3505 229 3550 suo
252 3495 277 3548 t.
302 3505 334 3547 v.
360 3507 391 3567 p.
410 3485 485 3565 368,
510 3495 635 3566 sumpta
659 3485 711 3548 illa
734 3487 838 3568 potius
860 3504 930 3548 esse
952 3487 1100 3567 opinatur
1123 3505 1163 3554 eu
1184 3486 1240 3547 Vi-

61 3605 157 3651 mrum
180 3589 365 3653 inlustrium
389 3608 423 3651 ea
447 3597 537 3669 parte
560 3590 593 3650 in
617 3606 679 3669 qua
701 3590 804 3671 Nepos
826 3587 867 3650 de
890 3589 991 3671 poetis
1011 3589 1139 3651 Graecis
1161 3589 1236 3670 egit.

61 3700 117 3752 tum
147 3692 188 3756 de
220 3694 290 3775 ipsa
319 3692 424 3756 fabula
452 3691 543 3754 docte
567 3691 723 3772 quaedam
745 3691 898 3774 disputat.
944 3692 1084 3774 denique
1108 3693 1241 3754 miratur

62 3795 136 3858 unde
159 3798 307 3859 Petrarca
336 3797 422 3858 illa'm
450 3796 665 3858 narrationem
695 3797 879 3876 sumpserit.
926 3797 1076 3858 nimirum
1106 3797 1242 3876 sumpsit

62 3915 157 3979 neque
188 3920 229 3963 ex
252 3899 416 3962 Chronicis
437 3899 567 3980 Nepotis
596 3916 702 3979 neque
731 3919 772 3962 ex
800 3899 891 3960 libris
918 3900 987 3962 eins
1009 3901 1064 3979 qui
1087 3907 1177 3961 erant
1199 3897 1240 3960 de

61 4001 131 4064 viris
159 4001 349 4066 inlustribus
377 4021 484 4082 neque
507 4019 582 4063 vero
605 4000 646 4063 ab
668 4003 729 4064 alio
751 4003 905 4083 scriptore
928 4004 983 4083 qni
1007 4002 1095 4063 illino
1117 3989 1240 4064 hansa-¹

65 4114 115 4164 rat.
160 4105 218 4168 sed
240 4106 481 4168 commentiolus
503 4104 558 4166 ille
581 4104 746 4172 Cornelius
767 4107 870 4188 Nepos
893 4105 948 4186 qui
970 4105 1093 4168 Daretis
1114 4105 1301 4194 Phrygiiaca

64 4203 215 4272 historiam
238 4229 273 4272 sc
288 4207 422 4272 Athenis
444 4208 606 4270 invenisse
628 4209 782 4270 mentitur
804 4209 837 4269 in
853 4209 989 4288 epistula
1003 4208 1045 4271 ad
1060 4207 1243 4270 Sallustium

65 4309 176 4373 scilicet
191 4311 339 4394 Crispum
360 4313 479 4394 scripta
501 4313 544 4373 ita
567 4311 718 4392 loquitur,
744 4311 888 4393 optimum
909 4329 980 4394 erpo
1002 4311 1084 4374 dumi
1103 4318 1140 4373 ut
1152 4312 1196 4373 ita
1210 4318 1244 4371 ut

61 4409 115 4488 suit
143 4433 212 4478 uere
239 4425 267 4480 et
296 4415 473 4496 simpliciter
499 4417 674 4496 perscripta
702 4417 747 4476 sio
775 4431 842 4476 eam
869 4415 902 4475 m
923 4415 1116 4478 Latinitatem
1138 4421 1244 4476 traus-

66 4523 218 4598 rrrterum,
250 4527 285 4581 ut
313 4519 441 4601 tepentes
470 4535 646 4600 copuoscere
670 4525 796 4598 possent
824 4517 967 4599 quomodo
995 4517 1052 4580 itae
1074 4529 1245 4600 respectae

983 4637 1037 4688 23*
