3182 5132
343 379 418 452 478
742 393 786 454 Ex
809 411 905 456 naam
929 395 1140 454 Barotrmast.

342 585 458 646 strictis
479 583 593 665 gladiis
616 601 680 646 esse
705 582 864 665 fiammtar
885 589 920 644 ut
947 563 1134 664 significetur
1162 600 1264 644 amaea
1283 599 1342 662 pru
1363 589 1438 642 terra
1456 596 1500 642 ma

342 685 449 747 debere
477 705 628 767 pugnare.
650 735 654 746 .
675 685 755 767 quod
785 693 886 747 autem
919 686 1066 747 turritam
1098 692 1196 766 percat
1227 702 1370 747 ceraaam
1400 681 1503 744 ostendit

250 813 255 818 ·
342 791 553 870 superpositas
576 797 679 850 terrae
701 806 765 850 esse
787 790 938 864 civitates,
963 805 1040 868 qaas
1063 789 1228 868 insignitas
1243 786 1381 848 turribus
1397 793 1500 847 οοιιιιοι.

343 892 461 972 partim
481 892 594 953 similia
617 893 677 970 his,
703 891 820 973 partim
843 889 970 953 diversa
994 889 1112 952 habent
1135 890 1299 952 Lueretius
1315 909 1337 951 ιι
1353 889 1409 950 600
1424 906 1459 948 ss.
1480 897 1503 948 et

342 994 476 1056 Ovidius
492 997 653 1056 Fastamm
670 1012 699 1054 ιι
715 994 776 1054 245
793 1013 835 1054 ss.

427 1096 624 1176 Augustinus
647 1095 687 1158 de
710 1098 837 1158 civitate
861 1095 913 1158 dei
936 1096 1004 1156 xil
1034 1096 1187 1176 epistulae
1218 1115 1313 1176 quam
1343 1095 1505 1175 Porphyrius

342 1199 383 1261 ad
405 1199 604 1262 Anebontem
619 1199 809 1280 Aegyptium
824 1201 988 1278 scripserit
1003 1209 1225 1278 argumentum
1241 1198 1350 1262 tradit.
1387 1201 1416 1260 in
1436 1197 1506 1258 auius

344 1303 456 1383 capitis
480 1305 541 1364 line
565 1303 642 1364 haee
665 1304 824 1382 leguntur,
857 1311 987 1365 aeterum
1016 1301 1085 1364 illos
1113 1301 1224 1384 quibas
1251 1303 1505 1363 conversatioem

344 1406 405 1468 diis
429 1407 470 1466 ad
491 1405 545 1468 λου
567 1415 644 1468 esset
665 1413 700 1467 at
720 1405 755 1465 ab
778 1405 994 1472 inveniendam
1013 1404 1181 1486 similimum
1202 1406 1250 1466 vel
1269 1406 1429 1486 praedium
1446 1419 1507 1464 com·

341 1509 519 1588 parandam
550 1517 605 1570 aut
634 1517 760 1589 prepter
788 1511 914 1589 nuptias
937 1509 984 1570 uel
1016 1516 1225 1570 mercaturam
1259 1508 1307 1569 vel
1339 1507 1412 1590 qaid
1436 1505 1507 1565 lanu

285 1613 426 1673 immadi
446 1620 572 1674 martem
587 1601 733 1673 divinam¹
758 1614 973 1694 inquietarent,
995 1610 1121 1690 frastra
1137 1629 1186 1672 eos
1201 1611 1303 1672 videri
1318 1610 1393 1672 dicit
1406 1608 1509 1671 caluisse

344 1717 545 1795 sapientium
580 1716 637 1776 illa
659 1718 752 1776 ellum
774 1717 845 1795 ipsa
872 1716 1002 1776 numina
1031 1732 1099 1776 cum
1129 1714 1240 1796 quibas
1262 1717 1507 1780 conversat-arm,

344 1820 401 1880 etsi
422 1818 458 1878 de
481 1820 588 1880 ceteris
609 1817 701 1878 rebus
723 1836 799 1878 vera
823 1815 1054 1898 praedicerent,
1087 1825 1188 1878 tamea
1210 1819 1357 1898 queniam
1379 1815 1415 1878 de
1434 1813 1509 1874 beati-

344 1921 447 1982 tudine
468 1919 546 1982 rtilril
575 1928 700 1982 cautam
727 1939 782 1982 aee
808 1921 887 1981 sartis
917 1920 1055 1981 idoaeam
1083 1927 1254 1997 manerent,
1290 1939 1345 1981 aec
1373 1916 1509 1980 dearilla

343 2042 408 2086 esse
429 2042 483 2086 aec
505 2022 648 2106 δοιιίριιοο
670 2023 842 2100 daemones,
872 2022 926 2084 sed
949 2029 1004 2082 aut
1025 2023 1113 2082 illum
1135 2024 1189 2104 qui
1210 2023 1326 2084 dicitur
1345 2022 1452 2102 fallea
1470 2024 1508 2078 aut

343 2127 510 2187 lanienam
534 2145 619 2188 omae
641 2134 848 2188 commeatum.
895 2143 1000 2204 nuper
1021 2134 1095 2186 ante
1125 2133 1180 2187 aut
1208 2127 1295 2188 illam
1326 2128 1449 2206 signum
1467 2119 1510 2182 ad-

343 2229 479 2309 positum
504 2239 552 2290 est
575 2229 660 2309 quod
682 2230 788 2290 neseio
811 2229 901 2290 auius
922 2228 992 2290 vitii
1015 2226 1211 2290 admoneret.
1243 2229 1332 2308 atqui
1356 2228 1435 2290 nihil
1453 2242 1510 2306 pee-

343 2343 455 2394 earunt
479 2331 618 2411 librarii,
651 2333 708 2394 sed
737 2332 935 2410 aliquantum
957 2328 1165 2410 Augustinus.
1213 2333 1365 2394 nimirum
1390 2335 1453 2412 ipsa
1472 2328 1510 2387 itu

342 2434 443 2496 verba
472 2435 627 2515 epistulae
654 2428 727 2518 πρὸς
745 2428 856 2516 ὀλΑιεβ
830 2428 927 2496 αυτὸν
950 2427 1113 2551 Αίγιίππιρν
1144 2435 1294 2514 leguntur
1322 2433 1408 2515 apud
1430 2436 1510 2495 Ense

342 2536 431 2598 bium
454 2540 564 2618 Praep.
591 2557 705 2618 euang
724 2538 796 2596 vill
821 2557 853 2616 p
874 2539 934 2596 lllll
951 2539 1019 2618 Vrg
1046 2531 1141 2619 μάτην
1165 2530 1266 2608 αὐτοῖς
1293 2531 1313 2620 ἡ
1344 2534 1435 2621 σοφία
1454 2527 1509 2616 ἐξη-

342 2663 451 2723 οκηται
472 2635 539 2725 περί
561 2640 710 2725 δραπέτου
732 2631 879 2722 εὑρέσεως
901 2631 920 2721 ἢ
944 2635 1102 2725 χωρίου’
1081 2641 1202 2723 οινῆς
1181 2663 1202 2702 r
1232 2633 1332 2758 γάρου
1354 2640 1383 2704 εί
1403 2629 1509 2724 πίχοιί,

342 2738 537 2862 ἐμπορίας
509 2765 558 2806 τον
582 2743 664 2806 θεῖον
688 2743 756 2806 νοῦν
779 2736 991 2826 ἐνοχλήαααιν
1031 2743 1058 2807 εί
1082 2737 1109 2805 δ’
1137 2767 1173 2806 ου
1194 2743 1335 2827 παρεῖται
1358 2742 1420 2826 μέν,
1444 2735 1510 2804 οίδῖ

343 2841 479 2917 συνόντες
500 2842 621 2930 περί
591 2869 644 2929 μεν
666 2847 724 2909 τῶν
748 2836 848 2908 ἄλλων
870 2839 1080 2929 τπληίίέατατα
1107 2844 1247 2930 λέγουσι,
1278 2844 1346 2931 περὶ
1370 2845 1403 2910 δὲ
1424 2840 1510 2909 είιδοι-

344 2946 447 3030 ριονίας
470 2943 556 3012 οὐδὲν
579 2943 714 3033 ἀσφαλὲς
736 2943 801 3011 οὐδ’
829 2947 986 3033 ἐχέγγυον,
1018 2943 1073 3012 airu
1101 2940 1179 3032 ἦσαν
1202 2941 1263 3034 (ipa
1285 2939 1354 3013 οὔτε
1378 2946 1439 3012 θεοί
1458 2937 1505 3010 οὔτ’

344 3046 455 3134 ἀγαθοί
478 3050 631 3134 δαίμονες,
664 3046 727 3116 ἀλλ’
754 3045 773 3134 ἢ
797 3051 910 3123 ἐκεῖνος
938 3045 955 3114 ‘a
985 3047 1144 3136 λεγόμενος
1166 3047 1287 3124 πλάνος.
1329 3056 1434 3134 itaque
1454 3069 1508 3112 cunt

342 3153 540 3234 Augustinus
555 3155 672 3216 adiecit
691 3164 745 3216 aut
759 3154 928 3216 hamanum
943 3174 1028 3216 omae
1043 3165 1238 3217 casamentum
1254 3155 1334 3236 fugit
1350 3175 1422 3218 enm
1438 3155 1507 3216 retia.

344 3260 496 3339 namqui
525 3261 681 3320 concessit
708 3259 838 3320 numina
868 3258 923 3319 illa
944 3257 985 3319 de
1009 3259 1124 3320 ueteris
1153 3269 1282 3339 praeter
1303 3257 1509 3322 beatitudinem

346 3358 442 3422 rebus
464 3379 540 3423 vera
563 3358 749 3441 praedicere
771 3380 834 3423 nan
857 3361 959 3442 patuit
982 3359 1066 3422 idem
1089 3359 1201 3424 eadem
1223 3372 1338 3441 putare
1361 3362 1438 3424 nihil
1457 3377 1508 3420 esse

344 3464 406 3526 nisi
436 3464 598 3526 hominurn
626 3473 813 3526 commenta.
853 3464 982 3526 videtur
1008 3473 1114 3526 autem
1137 3463 1200 3526 diei
1229 3483 1322 3544 posse
1345 3485 1403 3527 eur
1422 3465 1509 3542 Augu-

343 3567 447 3628 stinus
471 3567 549 3628 illud
579 3567 674 3629 haud
691 3587 766 3630 sane
796 3565 973 3648 prudenter
998 3565 1171 3630 addiderit.
1217 3568 1340 3630 scilieet
1368 3565 1509 3630 nonsatis

343 3668 480 3732 attendit
495 3669 574 3751 quid
597 3664 660 3734 ἀλλ’
680 3661 701 3753 ἤ
723 3671 915 3750 significaret
936 3671 1124 3750 putavitque
1139 3671 1271 3732 alteram
1286 3673 1440 3732 enuntiati
1454 3686 1511 3750 par·

344 3783 408 3836 tem
431 3772 620 3836 desiderari.
653 3792 758 3854 neque
780 3773 867 3835 aliud
890 3774 1009 3835 reatius
1031 3773 1199 3836 intellexit.
1246 3774 1411 3855 Porphyrii
1432 3769 1511 3833 verbe

343 3873 412 3960 περί
435 3873 469 3938 δὲ
491 3871 684 3960 εὐδαιμονίας
717 3889 749 3939 et
778 3895 860 3957 qnae
889 3885 1043 3939 secuntur
1069 3875 1166 3938 habet
1195 3879 1289 3939 etiam
1318 3875 1512 3938 Theodoretus

344 3978 457 4042 Graec.
475 3979 541 4043 adl.
559 4000 627 4046 cur.
646 4001 677 4060 p.
697 3983 737 4042 49
754 3979 856 4062 sylb„
882 3976 999 4040 deinde
1023 3979 1101 4042 haee
1121 3979 1227 4058 addit,
1258 3977 1302 4051 τίς
1323 3982 1382 4044 τῶν
1403 3975 1439 4042 τά
1458 3975 1513 4039 δεῖν

343 4081 588 4166 πεπαιδευμένων
611 4077 662 4146 καί
682 4077 732 4146 τὸν
755 4077 867 4146 πλάνον
890 4081 1003 4145 ἐκεῖνον
1025 4083 1254 4165 pacat-replum
1269 4071 1512 4168 ἐναργέατερονίιν

344 4187 403 4247 τῶν
426 4186 620 4269 ααλουριένουν
644 4179 796 4266 δεῶντὸν
819 4179 931 4248 πλάνον
954 4179 1124 4269 &diesim
1150 4179 1324 4270 ἀναφανδὸν
1341 4180 1397 4270 γὰρ
1410 4176 1511 4247 τούτους

344 4285 457 4372 ἔφησεν
480 4283 497 4352 ὁ
520 4291 571 4371 τῆς
594 4283 742 4372 ἀληθείας
765 4283 922 4359 ἀντίπαλος
946 4281 1020 4372 μήτε
1042 4283 1132 4360 θεοὺς
1148 4285 1223 4372 μήτε
1238 4283 1372 4372 &pallade
1387 4283 1511 4368 talpam

345 4388 435 4468 εἶναι,
460 4385 540 4456 ἀλλὰ
560 4394 613 4456 τοῦ
636 4387 762 4477 ψεύδους
778 4385 977 4462 διδασκάλους
995 4386 1045 4454 καί
1058 4389 1204 4476 πονηρίας
1219 4389 1360 4478 πατέρας.
1396 4387 1509 4472 adparet

345 4496 444 4576 igitur
465 4494 696 4558 Theodorelum
719 4494 798 4577 quid
820 4488 931 4559 πλάνον
954 4494 1088 4558 dixisset
1110 4495 1304 4578 Porphyrius
1330 4503 1410 4558 reale
1429 4486 1509 4552 intel·
