3252 5130
352 387 426 460 590
741 401 785 462 Ex
807 416 905 463 unani
927 403 1139 466 Bnnomaaust.

284 602 339 649 tta
350 589 435 653 ribus
457 591 523 654 sais
543 591 662 652 Troiam
685 588 742 652 iac
764 589 801 651 de
815 579 919 653 οιιιιιιιΙ
942 601 1088 672 ceperant
1108 599 1137 654 et
1158 601 1230 656 tuac
1249 595 1389 658 Telamon
1405 597 1531 658 mmm

349 693 453 754 duait.
500 692 548 756 itis
576 695 652 755 actis
682 693 795 755 Graeci
823 693 983 756 domemur
1013 697 1071 756 iter
1099 695 1141 757 ad
1172 696 1293 759 ectetas
1327 699 1407 760 ricta
1430 719 1532 781 propo-

349 804 490 859 saeraat.
521 796 628 858 hausit
648 793 851 877 Manogaldus
874 796 955 859 hanc
977 800 1165 878 sapientiam
1188 819 1229 863 ex
1252 801 1387 863 Historia
1404 803 1530 882 Daretis,

349 901 412 963 nisi
436 899 522 980 quod
544 897 651 962 addito
674 900 728 961 illo
749 899 831 960 ande
852 901 950 982 se‘pere
973 901 1069 963 latere
1084 901 1198 966 dicitur
1226 900 1262 982 (si
1285 903 1327 965 ab
1342 923 1381 967 eo
1396 902 1532 968 additum

348 1007 406 1080 est)
433 1003 591 1083 pervertit
614 1001 700 1082 quod
726 1000 812 1081 apud
835 1003 983 1066 Servium
1013 1004 1047 1065 in
1068 1002 1149 1068 Aen.
1173 1023 1196 1067 u
1211 1006 1274 1066 3l2
1299 1007 1423 1087 legerat
1444 1009 1533 1070 Gree-

348 1106 442 1186 eique
464 1105 620 1166 sermonis
642 1103 850 1184 ignorantiam
879 1106 962 1167 ultro
985 1103 1137 1186 prodidit.
1184 1109 1258 1189 quis
1280 1108 1334 1172 illc
1359 1108 1457 1172 luerit
1477 1113 1533 1172 lla-

348 1206 503 1289 nogaldus
532 1217 618 1270 certo
647 1226 711 1270 non
739 1217 844 1288 potest
865 1206 939 1270 dici.
987 1209 1047 1272 luit
1070 1209 1174 1272 medio
1204 1212 1329 1274 saeculo
1353 1211 1532 1276 duodecimo

348 1309 551 1391 Manegoldus
589 1311 760 1372 canonicus
797 1319 829 1371 ot
865 1311 991 1372 scholae
1029 1314 1180 1394 magister
1213 1312 1530 1394 Patherbrunnensis‚

348 1415 439 1476 cuius
467 1413 507 1476 ad
530 1411 713 1475 wiboldum
742 1410 889 1476 abbatem
919 1413 1147 1478 corbeiensem
1174 1417 1311 1497 epistula
1334 1417 1531 1500 wihatdtquo
1609 1403 1610 1410 ἵ

348 1518 511 1598 responsio
540 1517 572 1578 in
596 1517 681 1579 laliei
704 1517 914 1579 Monumentis
936 1517 1184 1581 Gorbeiensibus
1207 1540 1238 1602 p.
1266 1520 1328 1581 275
1352 1539 1396 1582 ss.
1427 1522 1530 1603 legna-

347 1630 400 1682 tur
422 1617 624 1699 ostenditque
648 1619 785 1700 epistula
800 1619 974 1700 Manegoldi
991 1623 1228 1701 grammaticum
1249 1621 1405 1702 studium,
1431 1623 1529 1686 fallere

345 1732 453 1785 autem
475 1731 580 1803 potest
601 1722 778 1804 scripturae
802 1724 925 1804 species
947 1741 1030 1803 quae
1052 1723 1188 1786 suadere
1204 1724 1333 1788 videtur
1355 1744 1397 1787 ne
1421 1725 1527 1788 librum

345 1824 674 1889 Benedictoburaunm
699 1825 908 1886 recentiorem
932 1843 1002 1888 esse
1025 1835 1174 1907 putemus
1190 1827 1292 1908 prima
1314 1829 1433 1891 saeculi
1454 1829 1525 1892 duo-

347 1928 462 1992 decimi
500 1939 601 2010 parte.
648 1925 707 1990 sed
744 1937 885 2008 praestat
921 1929 1053 1991 fortasse
1091 1930 1279 2012 intellegere
1316 1932 1524 2013 Manegoldum

346 2032 622 2112 luterbacensem,
648 2031 845 2113 praelectum
867 2032 1044 2094 scholarum
1069 2033 1101 2093 in
1122 2035 1283 2114 provincia
1299 2032 1445 2112 Alsatiae‚
1468 2037 1523 2096 cla-

346 2153 418 2197 rum
440 2137 539 2197 altera
554 2134 715 2197 undecimi
732 2133 851 2196 saeculi
867 2145 956 2215 parte
973 2133 1133 2196 hominem
1151 2137 1343 2217 Parisiisqne
1359 2136 1518 2201 eruditum.

345 2236 385 2300 de
409 2257 471 2319 quo
494 2236 646 2300 dixerunt
669 2239 724 2317 qui
746 2255 764 2298 a
790 2235 1027 2299 wattenbachio
1051 2239 1084 2299 in
1107 2239 1274 2300 utilissimo
1298 2238 1381 2300 libro
1404 2239 1443 2302 de
1463 2239 1521 2300 ion·
1609 2227 1610 2256 ³

344 2340 431 2404 tibus
454 2341 604 2404 historiae
626 2339 832 2402 Germanicae
856 2361 887 2420 p.
907 2341 968 2400 335
993 2351 1218 2404 memorantur.

431 2445 569 2507 Petronii
592 2461 703 2506 cenam
726 2443 967 2505 Trimalchionis
994 2453 1049 2506 aut
1072 2455 1238 2526 excerptas
1261 2444 1337 2506 inde
1361 2446 1521 2507 sententias

345 2550 434 2612 initio
457 2549 576 2612 saeculi
598 2545 712 2609 decimi
736 2548 812 2626 legit
833 2547 997 2627 Eugenius
1018 2548 1197 2628 vulgariae,
1224 2549 1314 2610 auius
1337 2547 1415 2610 haec
1434 2548 1518 2610 verba

343 2652 447 2716 adlert
469 2651 690 2715 Ducmmlerus
713 2651 745 2712 in
768 2648 851 2711 libro
873 2668 969 2730 quem
992 2650 1032 2713 de
1047 2649 1170 2712 Auxilio
1193 2661 1224 2713 et
1240 2651 1388 2731 vulgario
1406 2653 1518 2732 scripsit

343 2778 375 2838 p.
396 2757 447 2835 ii,
475 2756 631 2818 Petronius
653 2751 787 2814 Arbiter.
823 2754 892 2814 lom
914 2753 1042 2815 alamno
1065 2771 1223 2835 creperum
1247 2755 1408 2817 Graeculis
1421 2755 1517 2817 calcem

343 2860 508 2942 impingere
530 2859 623 2920 aooit.
643 2923 645 2928 ,
662 2871 819 2936 creperum
843 2853 889 2915 cc't
912 2855 1046 2917 doobicm.
1093 2855 1174 2918 aude
1196 2857 1420 2937 crepusculum.
1451 2877 1519 2938 quo

343 2979 414 3024 rum
437 2960 652 3024 tantummodo
668 2978 742 3041 pars
764 2968 889 3038 sumpta
912 2969 959 3020 est
975 2977 993 3020 a
1011 2960 1164 3036 Petronio,
1188 2959 1274 3040 apud
1291 2979 1388 3040 quem
1403 2979 1466 3042 cap.
1483 2961 1516 3020 tt

344 3065 421 3126 haec
449 3065 616 3145 leguntur,
654 3070 785 3124 ceteram
816 3062 878 3122 iam
916 3061 1076 3124 Graeculis
1111 3062 1222 3124 calcem
1252 3064 1401 3146 impingit.
1444 3061 1516 3142 quod

341 3179 448 3230 autem
470 3168 598 3229 anmatii
621 3166 821 3243 vocabulum,
847 3183 910 3244 quo
932 3166 1098 3246 Vulgarius
1121 3167 1154 3227 iu
1177 3165 1325 3230 versibus
1348 3167 1515 3229 aliuemm·

343 3269 408 3331 lero
437 3291 470 3352 p.
498 3270 557 3332 titt
589 3269 683 3333 editis
715 3269 833 3347 utitur,
871 3267 956 3329 idem
987 3269 1078 3330 homo
1109 3268 1311 3332 doctissimus
1338 3289 1356 3332 a
1389 3271 1514 3331 Petronio

341 3383 503 3454 sumptum
526 3374 701 3450 existimat,
733 3369 846 3435 scribit
869 3389 944 3432 sene
968 3372 1153 3451 Fulgentius
1180 3374 1213 3433 in
1236 3374 1437 3454 Expositione
1456 3389 1515 3433 ser-

342 3495 469 3539 monum
492 3478 697 3557 antiquorum
719 3496 751 3556 p.
771 3475 833 3535 568
850 3475 1018 3536 aumatium
1040 3475 1154 3536 dicitur
1177 3475 1260 3538 locas
1283 3483 1415 3538 secretus
1426 3473 1514 3556 parili·

339 3599 412 3659 cus,
444 3582 521 3643 sicat
544 3581 576 3640 im
599 3579 725 3642 theatris
747 3586 804 3640 cat
824 3578 914 3640 circo.
965 3579 1121 3638 Petronius
1143 3574 1266 3640 Arbiter
1291 3581 1341 3640 ‘ia
1363 3578 1512 3640 marcian
1606 3587 1607 3596 ¹

340 3690 445 3746 mmet
467 3685 564 3764 ipsam
589 3683 721 3757 com'eci,’
754 3680 810 3742 sed
837 3699 901 3740 non
924 3678 1107 3741 dubitamus
1130 3679 1312 3760 Vulgarium
1342 3679 1511 3742 vocabulum

341 3785 420 3850 illud
442 3787 562 3868 puriter
583 3795 678 3865 atque
700 3784 778 3846 alios
801 3801 880 3863 quos
903 3782 1097 3844 Glossarium
1118 3783 1226 3863 Gangii
1251 3793 1403 3846 memorat
1424 3799 1511 3844 nona

343 3891 486 3953 Petronio
509 3889 565 3952 sed
588 3908 606 3950 a
628 3888 791 3968 Fuigentio
815 3883 977 3946 didicisse.

279 4010 330 4056 aet
427 3995 476 4055 CI.
522 3992 579 4054 Dio
602 3991 843 4071 chrysostomus
866 3989 1005 4049 oratione
1028 4007 1105 4048 xtvu
1129 4008 1161 4069 p.
1180 3989 1241 4050 523
1266 3992 1305 4051 tt.
1332 3982 1352 4052 i
1375 3985 1511 4072 potioni

340 4087 663 4178 διανοηθεὶςὍμηρος,
689 4088 724 4155 od
748 4089 837 4177 μόνον
852 4085 978 4173 ποιητὴς
1001 4085 1115 4174 ἀγαθὸς
1138 4080 1181 4153 <iio
1205 4085 1284 4154 ἀλλὰ
1306 4087 1357 4155 καὶ
1370 4094 1412 4176 τῷ
1425 4084 1510 4176 τρόπῳ

340 4191 515 4282 φιλόσοφος,
540 4193 589 4261 τὸν
613 4189 732 4262 ἅπαντα
754 4189 919 4276 ἀποδημεῖν
942 4188 1070 4279 χρόνον,
1101 4185 1178 4256 ὥστε
1201 4193 1317 4278 μηδένα
1339 4198 1446 4278 γνῶναι
1464 4187 1508 4272 τήν

339 4297 468 4386 πατρίδα
491 4295 596 4377 αὐτοῦ,
620 4297 671 4364 καὶ
694 4301 824 4383 μᾶλλον,
858 4291 899 4368 ὡς
921 4294 1034 4374 ἔοικεν,
1069 4295 1222 4380 αἱρεῖσθαι
1250 4297 1338 4361 πέντε
1360 4294 1409 4360 καὶ
1428 4291 1508 4359 εἶιναι

341 4399 479 4489 δραχμὰς
507 4405 677 4489 προσαιτῶν
707 4393 891 4486 λαμβάνειν,
922 4400 1090 4468 καὶταῦτα
1112 4397 1153 4474 ὡς
1176 4395 1374 4488 μαινόμενον,
1404 4393 1505 4483 iciam

339 4500 465 4590 διάγειν.
513 4504 732 4569 emendatione
757 4507 833 4568 haec
857 4507 1000 4587 indigere
1023 4507 1172 4587 opinatur
1194 4491 1512 4566 lterwerdenustter-‘
1604 4505 1605 4514 ’
