3156 5132
326 368 399 440 296
726 384 767 443 Εκ
790 400 885 444 nonni
910 383 1116 444 Bnonnnn.

443 565 489 635 ότι
519 565 572 634 ἐὰν
596 566 674 656 δάκη
697 565 782 647 τινά,
813 565 990 654 συνάγονται
1011 565 1078 656 περί
1101 564 1189 634 αότόν
1211 565 1260 634 τὸν
1284 569 1425 655 δηχθέντα
1444 567 1484 632 αἶ·
1562 572 1566 605 ³

379 677 482 759 λουροι
503 669 580 739 πάνυ
602 671 708 739 πολλοί
732 668 807 738 ὥστε
831 669 913 758 αὐτῷ
933 677 1156 758 προσουρῆσαι,
1181 669 1233 737 καί
1254 677 1339 737 τοῦτο
1359 676 1485 744 ποιοῦντες
1561 684 1564 750 ζ

377 774 446 842 ἔσθ’
472 772 521 842 ότε
545 774 718 864 ἀναιροῦσιν
741 773 842 844 αότόν.

442 876 489 946 ότι
510 877 542 946 τό
566 877 626 966 ᾠόν
651 877 742 946 αότοδ
765 876 805 952 ὡς
828 875 920 966 χηνός
943 881 1007 944 ἐστι
1028 877 1080 944 καὶ
1102 879 1230 944 τίκτεται
1251 874 1305 943 ἀπ’
1328 876 1487 964 αίιτοῐικρο-

346 981 513 1056 υκόδειλος
543 980 646 1070 μικρός
677 979 718 1057 ὡς
740 980 756 1048 ό
778 985 922 1070 χερσαῖος
944 979 996 1046 καί
1017 986 1060 1068 τῷ
1082 978 1183 1069 χρόνῳ
1204 982 1318 1068 γίνεται
1340 979 1488 1068 δεκάπηχυς

377 1086 429 1152 καὶ
456 1089 565 1152 πλέον·
597 1082 666 1152 όσον
696 1084 754 1174 γάρ
786 1090 823 1173 ἰῇ
856 1081 985 1158 αόίάναι.
1032 1086 1124 1150 τίκτει
1153 1085 1186 1150 δὲ
1216 1082 1264 1173 ᾠὰ
1292 1081 1426 1170 ἑξήκοντα
1449 1083 1488 1150 καί

378 1186 502 1264 ὀδόντας
531 1189 597 1277 ἔχει
627 1186 769 1274 ἑξήκοντα
791 1186 842 1254 καί
865 1192 902 1275 ζῇ
925 1188 977 1274 ἔτη
1001 1185 1142 1274 ἑξήκοντα
1164 1187 1215 1254 καί
1238 1194 1329 1276 νεῦρα
1351 1188 1412 1276 ἔχει
1431 1184 1486 1272 ἑξη-
1567 1250 1568 1253 ,

377 1319 467 1359 κοντα
496 1293 547 1358 καί
579 1295 662 1378 μένει
691 1291 782 1380 χωρίς
809 1299 922 1380 τροφῆς
949 1289 1065 1379 ἡμέρας
1087 1289 1229 1378 ἑξήκοντα
1251 1290 1302 1357 καί
1324 1291 1490 1362 συνουσιάζει

377 1393 530 1483 ἑξήκοντα.
1555 1354 1562 1469 ί

326 1513 356 1564 lii
443 1496 488 1566 ότι
510 1499 563 1565 ἐόν
587 1497 646 1565 ἀπὸ
669 1506 722 1586 τῆς
738 1497 894 1586 ἀριστερᾶς
909 1495 1023 1584 γνάθου
1044 1496 1221 1585 ἀποστάσης
1236 1495 1345 1566 ὀδόντα
1359 1495 1405 1564 τόν
1418 1503 1489 1584 τριδ-
1555 1498 1562 1595 Ι

376 1629 439 1684 τον,
465 1600 654 1690 ριγοπόρετον
678 1601 807 1690 εὐχερῶς
829 1597 947 1674 παόεις.

442 1703 488 1773 ότι
510 1703 525 1771 ό
547 1707 686 1794 τροχίλος
708 1702 740 1772 τό
764 1699 868 1792 όρνεον
891 1703 1060 1792 προσφιλὴς
1084 1702 1165 1795 αὐτῷ
1180 1706 1252 1785 ἐστί,
1278 1706 1436 1772 κατεσθίων
1449 1702 1489 1776 τός

379 1811 521 1884 σαπείσας
544 1806 658 1896 σάρκας
680 1807 730 1874 καί
752 1807 804 1882 τός
827 1811 954 1896 βδέλλας
976 1811 1091 1873 ἐκτῶν
1114 1805 1253 1874 όδόντων.

440 1909 486 1982 ότι
508 1909 524 1978 ό
546 1914 683 2001 τροχίλος
707 1910 795 1980 αότόν
814 1907 1001 1978 καθεόδοντα
1017 1908 1169 1999 φυλάττει,
1196 1910 1247 1978 καί
1262 1909 1315 1978 ἐάν
1331 1911 1379 1999 ἴδη
1395 1909 1489 1998 ἀγρευ-

326 2031 355 2080 15
377 2022 470 2103 τηρας
500 2018 717 2104 ἐπερχομένους
751 2009 844 2102 ἤγουν
874 2012 924 2080 τόν
953 2011 1019 2100 περί
1047 2011 1098 2080 τόν
1129 2014 1238 2082 Νεῖλον
1270 2012 1427 2104 ίχνεόμανα
1451 2011 1489 2078 καὶ

376 2121 496 2207 ἔνυδρον
526 2117 576 2184 καί
605 2113 695 2185 θ’λλον
725 2114 930 2203 κωλυόμενον,
962 2114 1075 2192 εόθέως
1105 2117 1214 2208 κράξας
1239 2116 1330 2186 αὐτόν
1353 2117 1490 2206 αἰρυτνίίει

323 2269 328 2278 -
375 2221 426 2288 καί
446 2219 670 2309 παρασκευάζει
691 2225 734 2296 είς
756 2220 805 2288 τὸν
821 2219 953 2307 ποταμόν
970 2219 1151 2310 ἀποφυγεῖν·
1176 2221 1259 2309 παρὰ
1274 2221 1332 2310 γὰρ
1347 2221 1397 2296 τόις
1411 2217 1489 2309 ὄχθας

376 2329 457 2414 φιλεῖ
480 2326 641 2413 διατρίβειν
664 2323 714 2390 καί
736 2323 905 2391 καθεόδειν.

210 2453 364 2502 τεκκκκιιι
441 2455 509 2518 κεφ.
537 2425 597 2514 μγ’.
644 2425 711 2517 περί
741 2424 925 2516 ίχνεόμονος.
972 2423 1018 2494 ότι
1047 2425 1063 2493 ‘o
1096 2424 1244 2516 ίχνεόμων
1269 2425 1285 2496 ό
1309 2430 1359 2496 καί
1381 2421 1490 2515 ἔνυίδρος

408 2713 432 2758 l.
452 2707 495 2759 τόν
515 2723 559 2758 om
577 2710 607 2760 λ.
693 2706 794 2775 ἔλουροι
812 2709 847 2764 Β,
868 2705 983 2776 αίρουροι
1001 2708 1031 2756 λ.
1117 2711 1141 2756 li.
1162 2703 1237 2758 αὐτόν
1256 2708 1284 2758 Β.
1364 2713 1386 2758 i.
1407 2707 1490 2759 lieni.

321 2797 398 2845 llos,
485 2799 510 2844 li.
531 2795 637 2862 σμικρὸς
656 2793 683 2844 θ,
769 2797 793 2844 6.
814 2790 888 2852 αὖξαι
904 2794 933 2843 B.
1018 2796 1041 2841 7.
1062 2791 1106 2843 καὶ
1123 2791 1155 2864 ζῇ
1175 2791 1220 2861 ἔτη
1239 2791 1365 2862 ἑξήκοντα
1381 2793 1493 2861 καὶνεῡρι

321 2879 375 2952 ἔχει
394 2876 516 2947 ἑξήκοντα
535 2893 581 2930 om
600 2881 629 2929 λ.
668 2883 701 2928 ilo
722 2893 834 2930 numero
853 2879 1027 2942 sexagenario
1046 2891 1071 2928 ν.
1092 2878 1216 2928 Solineid.
1238 2879 1273 2930 od
1292 2880 1337 2930 λτ.
1360 2881 1380 2928 V
1392 2885 1421 2930 il
1440 2885 1455 2928 i.
1469 2879 1492 2926 ll'

319 2980 338 3030 p
363 2968 455 3016 iliss.
548 2971 587 3015 ii.
609 2962 653 3016 ἐόν
671 2982 710 3022 τις
729 2965 757 3015 B.
847 2969 894 3032 τῆς
912 2977 956 3014 om
976 2963 1002 3012 ll.
1089 2961 1232 3015 ἀποστάσει
1251 2965 1280 3014 B.
1373 2971 1411 3016 ii.
1431 2979 1492 3035 ρηγν-

320 3050 433 3122 ατρέτιον
458 3051 570 3124 εὐχερῶς
592 3049 667 3102 παύει
684 3053 714 3104 B.
806 3054 845 3100 ll.
869 3049 965 3099 llorod.
991 3051 1014 3099 ll
1033 3053 1081 3110 88,
1103 3051 1145 3100 λτ.
1167 3051 1203 3100 lll
1220 3054 1235 3100 υ
1255 3065 1279 3116 ρ
1296 3055 1361 3100 sii·
1374 3056 1418 3108 συ,
1437 3051 1491 3100 Plui.

321 3153 346 3202 ρ.
362 3143 432 3188 98⁰².
519 3142 560 3191 ii.
580 3137 650 3187 conl.
671 3137 739 3187 Plui.
835 3132 957 3205 θηρευτὰς
975 3136 1003 3187 Β.
1111 3141 1152 3186 lii.
1174 3135 1233 3204 περὶ
1250 3138 1285 3188 λε
1313 3137 1382 3207 παρὰ
1400 3139 1426 3188 Β.

322 3228 363 3275 io.
384 3220 474 3275 illei:
496 3224 563 3274 dixii
581 3224 615 3274 do
635 3224 686 3273 hoo
705 3225 813 3273 nomine
832 3223 1015 3273 Schneiderus
1034 3223 1060 3272 in
1079 3223 1174 3272 lexico.
1213 3223 1379 3290 Theophilus
1397 3224 1491 3274 Aleion-

320 3310 415 3360 dninus
435 3324 461 3375 ρ.
479 3315 491 3359 l
510 3307 629 3378 καθάπερ
653 3309 681 3359 τό
705 3305 791 3376 ὄρνεον
811 3303 870 3365 iio:
892 3309 954 3369 (scr.
975 3304 1060 3371 όλλος]
1081 3312 1154 3377 τηρεῖ
1171 3308 1214 3360 τὸν
1232 3307 1394 3380 κροκόδειλον
1412 3303 1492 3364 ἔωςόν
1565 3359 1566 3364 ,

321 3394 364 3464 ίδη
389 3394 463 3447 αὐτόν
494 3392 578 3462 ἡδέως
602 3393 645 3446 καὶ
668 3391 814 3462 ἀμερίμνως
838 3389 987 3444 ίιττνώσαντα
1009 3391 1052 3444 καί
1075 3393 1104 3445 τό
1128 3392 1208 3461 στόμα
1225 3392 1387 3464 όντιργμίνον
1406 3393 1490 3467 ἔχοντα,
1565 3415 1566 3442 i

319 3480 363 3533 καί
385 3480 443 3533 τότε
466 3479 623 3550 τίσττηδῆσαν
648 3479 789 3549 εἰσέρχεται
813 3477 856 3530 διὰ
877 3482 923 3531 τοῦ
947 3477 1070 3547 στόματος
1089 3478 1166 3532 αὐτοῦ
1185 3477 1222 3538 είς
1238 3479 1286 3549 τὴν
1305 3479 1402 3534 κοιλίαν
1419 3479 1489 3537 αὐτοῦ,

318 3565 364 3618 καὶ
386 3564 521 3638 διαρρῆξαν
538 3567 586 3635 τὴν
604 3565 715 3637 γαστέρα
732 3562 810 3618 αὐτοῦ
829 3561 971 3635 ἐξέρχεται,
998 3563 1146 3617 καταλιπὼν
1165 3564 1240 3618 αὐτόν
1257 3567 1356 3636 νεκρόν.
1391 3567 1491 3618 conludii

320 3653 426 3718 hyllum
446 3665 509 3704 cum
529 3654 651 3704 trochilo,
690 3652 738 3704 sed
757 3665 812 3702 non
829 3653 894 3701 sniis
914 3652 965 3702 hoo
984 3652 1115 3704 intellexit
1133 3653 1317 3704 Boissonedus
1334 3655 1443 3705 Chorioii
1459 3651 1489 3700 sni

320 3754 348 3805 ρ.
362 3743 408 3789 88;
435 3739 602 3790 intellexisse
626 3739 734 3790 videtur
753 3737 965 3802 lindenbrogius
986 3738 1048 3788 adn.
1069 3738 1101 3789 nd
1121 3739 1210 3788 Amin.
1232 3741 1312 3790 More.
1335 3741 1405 3792 xxii
1418 3741 1488 3788 isli.

320 3827 451 3890 Georgius
475 3827 616 3877 cedrenus
634 3829 652 3876 i.
674 3827 722 3890 lp.
739 3829 783 3874 ‘iiii
800 3823 895 3900 leli.
921 3823 986 3892 ζίρον
1012 3822 1040 3874 δέ
1062 3822 1114 3876 ἐστι
1137 3822 1227 3892 μικρὸν
1245 3822 1264 3893 η
1283 3823 1366 3896 όδρις,
1390 3823 1441 3893 ἥτις
1454 3819 1488 3872 καὶ
1564 3881 1565 3884 ¹

320 3909 396 3969 όλλος
418 3909 529 3981 λέγεται,
554 3911 631 3969 κυνός
650 3909 745 3980 ἔχουσα
764 3907 875 3979 μορφὴν.
913 3905 978 3980 αὕτη
998 3908 1033 3968 τίς
1052 3907 1134 3978 πηλόν
1152 3907 1328 3980 κυλισαμένη,
1355 3905 1488 3980 έτιτηραδσό

318 4015 346 4048 τε
369 3997 413 4048 τόν
438 3995 603 4065 κροκόδειλον
626 3994 800 4058 καθεύδοντα,
826 3995 937 4066 είσττηδᾷ
955 3993 996 4048 διὰ
1012 3998 1057 4047 τοῦ
1077 3993 1202 4062 στόματος
1222 3995 1299 4050 αὐτοῦ
1322 3999 1437 4069 (κεχηνὸς
1451 3993 1488 4061 τόν

320 4081 333 4135 ό
351 4081 514 4152 κροκόδειλος
537 4081 666 4144 καθεύδει)
694 4083 731 4140 τίς
753 4084 801 4152 τὴν
818 4079 927 4150 γαστέρα
944 4079 1035 4134 τοόταυ
1053 4085 1188 4154 χωροῦσα,
1215 4083 1260 4136 καί
1277 4082 1371 4155 ταύτην
1388 4081 1488 4152 διαρρήτ·

320 4179 399 4221 σαυσα
423 4168 554 4242 ἐξέρχεται
572 4168 614 4221 διὰ
631 4175 678 4238 τῆς
697 4167 772 4238 ἕδρας
790 4166 966 4237 ἀπονεκροῦσα
983 4167 1068 4221 αὐτόν.
1106 4167 1247 4234 <Georgius
1267 4172 1368 4222 Pisides
1386 4173 1486 4220 hexaem.

318 4271 344 4306 ν.
365 4261 414 4307 985
439 4253 483 4307 καί
505 4255 595 4325 μικρός
619 4253 696 4313 llio<
718 4253 864 4325 θγροχέρσιμ
888 4251 972 4322 θηρίῳ
997 4249 1101 4322 <lionis
1125 4252 1216 4325 έριστᾷ
1238 4257 1356 4328 τῇταμῇ
1370 4262 1417 4308 τῶν
1431 4251 1487 4320 ητό·
1563 4313 1564 4330 ρ

318 4357 384 4394 των·
405 4339 496 4414 Λάθρα
513 4339 561 4411 γὰρ
580 4339 649 4412 αότῷ
667 4338 819 4411 προσβαλὼν
832 4337 954 4410 κεχηνότι
964 4335 1097 4412 Διατρέχτι
1109 4339 1141 4392 τὰ
1153 4339 1289 4415 σπλάγχνα
1301 4341 1410 4412 σωλῆνας
1421 4339 1487 4404 δίκην,
1563 4353 1564 4380 ι

320 4425 411 4496 Ταμὼν
430 4427 458 4480 δὲ
475 4425 591 4498 κρυπτὴν
610 4425 637 4489 έξ
655 4425 768 4478 όπιατίαυ
787 4421 866 4497 θόραν
885 4423 982 4485 uniti<
1001 4424 1102 4496 διαδρὰς
1121 4425 1219 4498 οίχεται
1238 4420 1415 4498 σεσωσμένος.)

391 4519 431 4564 49.
453 4516 520 4581 Ορρ.
541 4515 606 4579 Cyn.
629 4514 663 4563 lll
677 4517 768 4564 iioss.
