3160 5132
317 384 412 444 Sacas
434 400 534 445 aarum
555 401 616 444 ron
639 383 775 444 Rauenna
797 383 942 443 Brnrtm.
970 383 985 449 ,’
1178 365 1226 437 97

57 581 100 632 snt
123 571 288 648 occiditur;
323 571 409 652 quod
438 572 534 654 plane
556 580 664 634 contra
687 567 858 654 οἰκονομίαν
885 571 1041 652 poeticam
1065 578 1123 632 est.
1170 569 1229 632 hoc

56 674 140 753 posito
160 674 205 736 sio
226 674 328 737 locum
352 676 525 738 constituo:

195 778 277 840 Totis
300 780 333 840 in
355 797 447 840 orma
469 780 555 841 ruit:
580 797 634 841 nee
655 779 731 840 vina
753 777 905 860 dapesque
928 785 1061 840 remotae

190 882 315 963 Statque
337 883 399 945 toco
421 889 526 960 torus,·
549 901 694 946 insonans
716 899 857 944 mansere
878 883 1022 943 ministri.

191 985 266 1048 inde
289 987 363 1069 oapi
382 1005 437 1056 nec
459 1003 547 1048 annm
571 985 667 1048 modis
689 1003 744 1046 nee
766 984 888 1048 casibus
909 983 1025 1046 hisdem

191 1089 379 1150 Conseruere
401 1108 481 1152 unm
504 1096 532 1152 et
553 1090 639 1171 tonqe
662 1090 783 1150 iacuere
802 1090 941 1170 peremti.

59 1208 123 1269 quae
142 1187 181 1254 ad
204 1190 291 1254 hunc
314 1192 443 1256 modum
466 1193 589 1273 explico
611 1202 642 1254 et
666 1191 802 1255 illustro.
841 1191 929 1271 dum,
956 1193 1071 1272 inquit,
1098 1191 1229 1272 Cyzicus

59 1291 199 1358 furoribus
222 1294 357 1377 Cybeles
385 1305 474 1358 actus
504 1296 614 1376 paucis
636 1294 847 1376 sequentibus
870 1314 911 1357 ex
933 1293 1014 1380 urbe
1038 1297 1177 1377 erumpit
1198 1303 1230 1358 et

58 1398 192 1476 proelium
224 1399 353 1479 miscet,
384 1401 502 1462 interea
523 1397 598 1462 urbs
621 1399 743 1462 diverso
764 1405 846 1462 motu
867 1400 983 1483 aqitur.
1030 1399 1175 1480 Genysus
1198 1409 1230 1461 et

58 1499 161 1580 Medon,
186 1502 240 1564 illo
262 1523 280 1566 e
303 1503 385 1566 lecto
407 1521 554 1583 surgens,
580 1503 632 1564 hio
651 1503 856 1584 pervigilium
872 1502 1048 1582 celebrem,
1074 1521 1161 1566 arma
1177 1521 1230 1568 oa-

58 1603 134 1681 pium
161 1615 193 1667 et
214 1605 326 1669 eadem
356 1615 445 1688 porta
474 1605 585 1669 eodem
607 1615 751 1686 tempore
774 1605 930 1668 adversus
952 1605 1058 1669 hostes
1081 1607 1226 1671 tendunt.

58 1707 109 1766 mm
135 1708 255 1789 reliqua
283 1708 460 1774 videamus.
509 1709 541 1770 in
569 1727 626 1791 qao
659 1707 763 1791 (omen)
790 1727 931 1772 mansere
960 1711 1113 1772 ministri:
1144 1719 1233 1774 recte

61 1819 88 1869 tu
106 1829 206 1874 narras
230 1811 349 1876 irustra
371 1823 403 1875 te
425 1811 466 1874 de
490 1811 543 1874 illo
565 1811 669 1874 omine
686 1811 884 1894 quaesivisse
899 1822 931 1876 et
946 1831 1052 1876 meras
1066 1813 1227 1894 tenebras,

61 1913 185 1990 quotiens
207 1915 307 1978 aciem
331 1915 448 1994 tendis,
472 1913 532 1979 tibi
556 1914 687 1978 oboriri.
733 1916 886 1978 nimirum
909 1925 941 1978 et
964 1935 1017 1978 res
1037 1918 1105 1998 ipsa
1122 1917 1230 1998 inepta

64 2025 101 2074 est
117 2027 143 2078 et
164 2019 290 2081 numeri
312 2018 447 2082 horridi.
495 2017 652 2081 editiones
676 2019 839 2100 prinsipes
868 2021 901 2080 in
923 2037 980 2102 quo
1003 2038 1116 2083 omnes.
1161 2021 1230 2103 lego
1268 2063 1270 2070 ν

67 2118 167 2182 minima
202 2123 378 2184 mutatione
411 2141 556 2186 insonans
588 2139 729 2184 mansere
756 2122 902 2184 ministri.
951 2131 1036 2186 recte
1066 2125 1228 2202 insomnes,

66 2225 183 2302 etprius
205 2223 247 2287 ob
270 2223 389 2288 domini
413 2225 616 2308 pervigilium
640 2235 672 2286 et
694 2235 803 2307 postea
826 2224 902 2287 dum
925 2225 1043 2288 frustra
1059 2227 1128 2290 eius
1144 2227 1232 2291 redi-

63 2333 113 2384 tum
139 2329 349 2411 opperiuntur
379 2330 433 2410 qui
464 2331 652 2392 interemtus
683 2337 742 2390 est.
790 2328 865 2390 Inde
894 2331 985 2413 vaqi:
1016 2348 1078 2394 non
1108 2333 1168 2396 hoe
1190 2331 1232 2394 ad

61 2427 200 2492 ministros
224 2429 322 2514 refer,
348 2433 489 2514 quinon
513 2434 668 2510 exierant,
694 2430 751 2493 sed
773 2430 815 2493 ad
835 2430 995 2513 Genysum
1019 2443 1051 2495 et
1072 2433 1229 2510 dedente.

61 2527 85 2588 hi
104 2533 215 2596 scilieet
238 2555 302 2598 uua
322 2555 362 2598 ex
377 2534 458 2598 urbe
475 2535 630 2615 exierant,
656 2533 726 2596 inde
741 2535 814 2618 oapi
827 2533 973 2598 diversas
989 2538 1056 2598 vias
1071 2536 1113 2600 ad
1128 2537 1233 2601 hostes
1313 2553 1314 2558 ’

60 2635 260 2714 capessebant.
309 2639 369 2701 Nee
398 2639 458 2701 teia
486 2639 582 2701 modis
604 2657 660 2700 nec
681 2635 802 2700 casibus
825 2637 940 2702 iisdem
963 2659 1144 2703 conseruere
1164 2659 1234 2704 ηια-

58 2755 126 2800 rrum.
170 2760 230 2822 pro
252 2759 378 2802 manum
401 2739 606 2804 membranae
630 2723 746 2802 babent
770 2759 885 2818 manu,·
909 2741 994 2825 quod
1016 2741 1151 2825 probum
1170 2753 1230 2807 est.

60 2859 104 2918 pso
130 2843 188 2905 teta
222 2842 319 2926 (quod
349 2845 376 2905 si
399 2854 434 2906 tu
457 2845 557 2906 mavis
581 2841 692 2906 eodem
716 2841 838 2926 recidit]
867 2843 946 2908 betta
967 2864 1099 2927 repono.
1146 2847 1234 2910 Belia

58 2961 220 3008 remouere
248 2965 361 3024 mann,
394 2956 429 3008 ut
460 2956 492 3008 et
519 2947 572 3009 alii
602 2957 634 3009 et
656 2947 800 3009 Valerius
830 2947 898 3027 ipso
928 2947 987 3010 hoo
1014 2947 1096 3012 libro
1119 2969 1165 3012 vs.
1191 2950 1231 3010 30

59 3055 134 3129 aque
154 3051 249 3133 impia
271 3048 352 3111 belia
373 3058 524 3112 conserat.
573 3050 624 3129 hi,
650 3051 765 3132 inquit,
792 3049 911 3129 proelia
935 3050 1154 3131 conserebant,
1180 3071 1235 3114 nec
1349 3058 1351 3069 ¹

60 3151 138 3214 modes
160 3151 267 3215 iisdem
289 3171 344 3215 nec
365 3151 486 3216 mestus
514 3151 583 3232 (hoo
605 3161 654 3216 est
676 3153 757 3214 aiter
779 3145 885 3233 hasta,
911 3153 937 3214 si
961 3151 1040 3217 torte
1063 3155 1144 3217 alter
1167 3156 1234 3238 gla-

59 3250 100 3313 dio
119 3255 295 3337 pugnabat3
326 3255 406 3318 alter
427 3276 487 3337 per
509 3275 555 3336 os,
579 3255 660 3318 alter
682 3275 742 3337 per
765 3254 817 3316 ilia
840 3255 957 3318 vulnus
979 3259 1118 3340 aceepit;
1152 3277 1234 3340 quae

60 3369 120 3418 sunt
146 3353 315 3442 δεινότητος
344 3368 376 3420 et
404 3359 589 3421 variationis
617 3355 769 3440 poeticae)
804 3366 832 3420 et
857 3357 943 3442 ionqe
966 3361 1087 3422 iacuere
1106 3363 1237 3444 peremti

60 3461 103 3538 qui
123 3482 185 3525 una
205 3461 362 3524 adversus
385 3462 491 3524 hostes
515 3463 671 3524 exierant.
717 3462 796 3524 haec
819 3461 987 3543 equidem,
1020 3465 1082 3526 nisi
1105 3475 1158 3546 tu,
1184 3466 1235 3527 vir

61 3559 240 3644 doctissime,
266 3563 436 3644 dissentis,
463 3565 508 3627 sie
530 3567 606 3628 satis
629 3583 703 3628 sana
728 3573 759 3626 et
782 3571 867 3626 recte
891 3566 1059 3630 constituta
1082 3567 1231 3630 arbitror.

61 3663 149 3728 Voles.
173 3668 301 3732 Flaccus
322 3687 368 3730 111.
388 3667 450 3729 598

199 3767 239 3834 At
260 3773 349 3835 sociis
372 3773 492 3834 immoto
512 3771 598 3852 fides,
624 3773 798 3854 castrisque
820 3771 961 3834 secundis

200 3876 289 3938 Certa
308 3893 433 3950 mcrae‚·
455 3893 511 3936 nec
522 3893 644 3956 perores
659 3875 766 3958 Hylas,
792 3892 975 3956 quamquam
990 3873 1127 3936 omnibns
1142 3892 1235 3958 aeque

201 3979 300 4040 Grato
321 3977 496 4040 rudimenta
518 3977 665 4040 Herculeo
687 3977 743 4042 sub
766 3978 885 4038 nomine
903 3976 1045 4059 pendent.

61 4093 133 4156 quae
153 4081 197 4143 sio
218 4090 253 4143 tu
275 4081 424 4162 refingis:

202 4183 321 4250 Caussa
340 4201 445 4246 morae
458 4203 520 4246 nen
533 4201 652 4266 parcus
668 4184 763 4265 Hyles
783 4187 976 4266 (quamquam
991 4181 1128 4245 omnibus
1143 4199 1237 4264 aeque

204 4289 301 4352 Grato
322 4287 505 4371 ndtmmta)
532 4287 680 4350 Herculeo
702 4285 758 4350 sub
780 4289 900 4350 nomine
918 4285 1061 4370 pendent.

63 4381 114 4446 ubi
144 4387 224 4484 illud,
249 4389 399 4472 displicet
431 4389 516 4471 quod
546 4409 659 4453 caussa
687 4409 729 4452 ex
756 4387 873 4452 Aldina
902 4389 1042 4452 editione
1071 4387 1233 4452 adsciscis.

64 4489 173 4572 quippe
198 4499 281 4556 corta
309 4511 415 4554 morae
443 4495 570 4557 omnino
598 4513 616 4556 a
644 4502 756 4575 poetae
787 4511 884 4556 manu
913 4491 1060 4572 videtur,
1091 4501 1128 4555 ut
1157 4488 1236 4553 illud

113 4603 220 4660 tenpus
233 4607 350 4662 monente.
364 4605 405 4650 111.
1015 4610 1029 4662 7
