3178 5136
776 1249 1104 1336 scillatium.

253 1489 273 1536 v
287 1492 336 1538 ιιι
433 1478 456 1538 l.
483 1477 592 1540 Cicero
606 1476 647 1540 ad
662 1476 801 1540 Atticum
812 1467 865 1540 ἰιι
880 1477 920 1540 20
936 1478 955 1537 li
972 1476 1045 1542 haec
1059 1478 1183 1559 scripsi.
1222 1478 1324 1540 statim
1338 1480 1412 1542 coilo
1427 1477 1506 1540 donli

348 1581 537 1644 tabellarios.
585 1579 742 1644 excidisse
770 1578 893 1661 aliquid
914 1590 986 1662 post
1007 1581 1122 1662 scripsi
1141 1589 1266 1644 certum
1288 1591 1345 1644 est.
1389 1578 1439 1644 sed
1458 1599 1505 1642 non

347 1691 449 1764 potest
478 1680 608 1764 probari
635 1684 751 1746 οιϊαιιιιι
779 1681 868 1763 quod
887 1683 1002 1746 Rosius
1026 1681 1150 1746 addidit
1178 1682 1323 1764 libroque
1349 1683 1404 1764 qui
1421 1682 1507 1746 nullut

347 1805 498 1867 umqum
528 1783 588 1850 luit
617 1784 781 1850 mendacio
810 1784 940 1850 tribuit:
972 1804 1035 1848 non
1065 1786 1167 1850 utitur
1196 1788 1282 1850 enim
1310 1786 1362 1848 illo
1381 1783 1507 1850 adverbio

349 1889 476 1965 Cicero,
507 1897 643 1952 utuntur
671 1889 807 1970 scriptor
835 1887 914 1952 belli
940 1887 1065 1950 Africae
1098 1898 1131 1951 et
1159 1889 1381 1962 Quintilianus.
1424 1905 1507 1968 nequo

349 2011 426 2054 vero
448 1991 547 2056 Orelli
569 1991 745 2054 mmmmm
765 1989 876 2072 probo,
900 1989 958 2054 sed
973 1989 1179 2054 adiciendam
1195 2011 1265 2056 esse
1281 2010 1391 2056 censeo
1405 1992 1505 2072 ruptio,

349 2094 437 2174 quod
468 2104 541 2158 ante
574 2095 677 2158 statim
711 2091 859 2156 facillime
892 2095 1018 2176 neglegi
1049 2095 1162 2176 potuit.
1211 2093 1297 2157 idem
1323 2094 1396 2157 loce
1419 2093 1509 2173 scritti

348 2199 461 2278 raptim
485 2207 533 2260 est
555 2197 590 2260 iu
612 2197 701 2259 initio
724 2197 879 2277 epistulae
895 2216 916 2258 ιι
933 2199 967 2258 8.

435 2301 473 2360 ll
498 2300 533 2360 ln
557 2300 716 2380 Pomponii
740 2301 838 2362 llelae
861 2299 1095 2381 Chnmgraphia
1117 2320 1151 2381 p.
1171 2301 1210 2362 li
1226 2302 1266 2362 sl
1284 2301 1317 2360 Ρ.
1344 2297 1516 2364 emmam·

350 2411 417 2464 erat
439 2401 525 2480 prod
545 2401 628 2464 liber
644 2403 814 2466 Vaticanus
835 2401 933 2466 hahet
949 2404 1157 2485 Cyrenaeam,
1182 2421 1289 2483 nequo
1311 2422 1342 2483 p.
1363 2403 1429 2468 l33
1451 2400 1510 2462 roti-

349 2503 491 2568 nendum
511 2505 700 2586 Ceramico,
725 2505 812 2585 quod
834 2507 966 2568 omnino·
984 2506 1068 2568 nihil·
1088 2517 1146 2586 ast,
1172 2505 1229 2568 sed
1252 2504 1447 2570 scribendum
1466 2503 1510 2582 Cr

350 2609 504 2671 reroeico.
551 2607 637 2689 apud
654 2607 838 2670 Ciceronem
862 2607 902 2670 de
925 2607 1026 2674 divin.
1046 2627 1067 2674 u
1091 2606 1110 2691 §
1126 2610 1168 2670 88
1184 2618 1217 2670 et
1230 2609 1271 2680 89
1288 2609 1434 2688 scriptura
1453 2603 1509 2666 olin

349 2712 447 2774 luisse
466 2711 678 2773 Chaldaeicom
701 2720 733 2772 et
750 2710 940 2773 Chaldaeicis
956 2709 1030 2773 libri
1047 2710 1143 2774 fidem
1160 2711 1291 2776 faciunt.
1331 2709 1412 2790 apud
1425 2709 1510 2770 vnn·

351 2815 438 2876 vium
456 2833 485 2875 ιιι
507 2834 540 2895 p.
559 2815 619 2876 sal
638 2815 731 2874 2311.
759 2812 976 2878 Gholdoalcom
997 2814 1132 2894 praebet
1153 2815 1404 2895 audacissimum
1424 2827 1509 2874 exem·

352 2917 422 2996 pler
451 2915 627 2997 eodemque
650 2917 711 2978 alia
734 2915 869 2978 ducunt.
913 2916 1000 2997 apud
1023 2918 1204 2980 iuvenalem
1222 2918 1259 2978 tl
1279 2917 1335 2978 lot
1362 2913 1508 2978 mauce

352 3028 397 3080 cst
428 3020 463 3082 in
491 3019 573 3081 lihro
596 3019 733 3098 Pitheci,
766 3019 926 3096 Iudaicos,
961 3019 1066 3084 idest
1088 3021 1268 3096 Ιιιάιιοὶωε,
1295 3021 1328 3082 in
1350 3017 1447 3080 cadim
1464 3013 1509 3075 hr-

352 3120 440 3183 nohii
455 3141 490 3184 ιιι
508 3124 567 3200 ld,
592 3118 641 3206 (in
664 3123 763 3184 Taciti
785 3123 994 3186 Historiarum
1017 3123 1125 3186 codiee
1140 3141 1150 3183 ι
1169 3123 1206 3183 lu
1224 3133 1255 3186 et
1270 3123 1323 3184 76.
1353 3120 1508 3184 Hehroo'mt

352 3224 506 3304 exemplis
542 3224 647 3286 firmat
675 3225 833 3286 Hartalius
863 3225 896 3286 in
924 3224 1030 3288 iudice
1061 3225 1211 3307 Cypriani
1239 3221 1319 3310 sui).
1363 3221 1433 3304 quid
1457 3221 1507 3300 ipse

352 3325 430 3388 hlela
459 3328 622 3408 ceterique
651 3328 818 3408 posuerint
844 3329 969 3406 neseio,
1002 3329 1100 3390 miror
1129 3329 1234 3409 potius
1264 3326 1347 3408 quod
1372 3345 1429 3388 non
1448 3321 1507 3384 nulli

352 3430 415 3492 sihi
445 3439 673 3510 persuaserunt
702 3449 736 3492 se
760 3431 792 3492 in
816 3429 971 3493 eiusmodi
995 3429 1093 3492 rebus
1116 3431 1217 3512 ipsam
1240 3441 1382 3494 veterum
1402 3427 1507 3506 scripte
1563 3397 1564 3454 ¹

353 3551 423 3595 rum
454 3551 580 3595 manum
603 3532 736 3614 adsequi
759 3551 868 3613 posse:
900 3533 958 3598 sed
981 3531 1098 3596 lormas
1120 3533 1206 3612 illas,
1240 3551 1371 3613 quarum
1393 3525 1506 3606 exempla

352 3637 462 3716 augeri
491 3655 584 3717 posse
615 3654 677 3697 non
701 3634 829 3714 dubito,
861 3637 937 3697 satis
959 3637 1108 3716 antiquas
1131 3655 1200 3698 esse
1224 3635 1315 3698 docet
1337 3629 1504 3697 rcdmtdiout
1562 3683 1563 3690 ,

353 3738 385 3801 id
414 3749 462 3801 est
491 3738 687 3814 iudaeizool,
721 3739 753 3798 in
781 3738 990 3801 acrostichide
1014 3739 1228 3802 Commodiani
1245 3759 1254 3800 ι
1270 3739 1322 3800 37.
1367 3733 1457 3798 adfert
1475 3727 1505 3788 ihi
1562 3703 1563 3759 ¹

352 3841 509 3903 Oehlerus
531 3841 694 3903 Iudaeicos
718 3840 796 3902 illud
820 3841 906 3921 quod
927 3840 1013 3922 apud
1037 3839 1211 3904 hrnohium
1235 3853 1294 3921 est,
1318 3838 1406 3903 simul
1426 3843 1505 3896 aulem

353 3943 393 4006 de
416 3942 564 4007 Afrorum
593 3963 654 4006 usu
684 3945 792 4024 inepte
821 3943 980 4024 loquitur,
1013 3954 1048 4006 ut
1076 3944 1178 4006 solent
1200 3943 1240 4006 de
1265 3961 1370 4006 eorum
1391 3949 1505 4002 sermone

354 4047 451 4108 multa
480 4057 600 4109 temere
632 4047 775 4108 effuttiri.
823 4065 929 4127 neque
960 4047 1053 4127 plane
1076 4045 1249 4108 abhorrere
1274 4047 1340 4107 illas
1362 4043 1461 4106 formas
1477 4033 1505 4096 ab

353 4149 496 4229 analogia
525 4151 842 4230 grammaticorumve
873 4151 1052 4230 praeceptis
1074 4160 1251 4212 monstrare
1274 4158 1373 4229 potest
1393 4135 1504 4206 hoheclii

355 4250 527 4332 disputatio
551 4255 583 4314 in
608 4253 784 4334 Phrynicho
807 4271 839 4332 p.
858 4253 911 4313 39.

441 4355 491 4416 lll.
518 4355 638 4418 Gellius
655 4375 695 4418 ιιι
717 4355 764 4438 (ιι)
788 4356 826 4416 46
852 4345 885 4418 ut
902 4355 1016 4419 Catulli
1040 4354 1119 4418 illud
1142 4355 1287 4438 deprecor
1309 4354 1388 4418 illem
1409 4343 1504 4410 aaron

355 4458 492 4538 explicet
514 4459 557 4520 ita
580 4458 733 4540 disputat,
758 4459 903 4539 deprecor
923 4459 976 4521 hoc
992 4459 1023 4518 to
1040 4457 1101 4519 loco
1117 4457 1277 4520 virbonus
1294 4460 1336 4520 ito
1351 4471 1409 4518 esre
1421 4449 1504 4512 timu
