3182 5132
388 415 462 488 466
784 434 828 495 Ει
850 450 947 494 uranu
970 435 1178 494 Banonrssusr.

473 622 565 682 XXV.
614 619 734 683 Probus
757 621 788 682 in
811 622 942 701 Vergilii
958 621 1069 702 Georg.
1088 639 1123 682 ιιι
1139 622 1199 682 293
1224 618 1329 702 Apollo
1346 621 1530 683 orttemdicitor

387 732 554 805 mrrsupetes
576 726 650 806 quio
679 743 840 786 musarum
869 724 939 786 ditm
967 725 1171 804 emistimeiur,
1203 732 1238 786 ul
1256 727 1395 786 'Lutatius
1416 726 1442 785 iu
1459 726 1529 803 prino

327 836 376 884 tto
388 814 569 888 Communis
591 826 736 890 historice
751 829 806 905 cil,
832 829 885 908 qui
898 827 1023 889 deorum
1039 845 1147 889 utrum
1163 835 1275 910 eperat.
1313 827 1366 908 qui
1380 827 1451 902 duc,
1471 823 1529 905 qnod

386 929 418 989 in
442 932 568 1011 scriptis
591 929 683 992 libris
705 931 855 993 omissum
879 941 942 1009 est,
976 928 1170 992 addiderunt
1193 929 1355 992 debebant
1376 928 1458 991 simul
1476 929 1530 988 scri·

384 1031 461 1093 bere
484 1035 693 1095 eoeislimolor.
733 1043 892 1113 postrema
914 1031 1014 1095 verba
1042 1042 1077 1094 ut
1106 1032 1258 1113 leguntur
1283 1052 1346 1094 non
1368 1041 1481 1112 possunt
1498 1031 1530 1089 in-

385 1134 501 1216 tellegi,
540 1145 671 1217 possunt
694 1145 801 1198 autem
823 1136 869 1198 sic
892 1137 1018 1216 scripta,
1044 1135 1126 1218 quod
1147 1154 1255 1198 eurum
1278 1135 1399 1198 chorum
1420 1141 1495 1216 rapot.

471 1239 506 1298 ln
529 1248 667 1300 mentem
692 1239 768 1300 mihi
798 1237 856 1300 hoc
887 1249 1014 1301 revocat
1036 1257 1117 1319 quae
1142 1239 1311 1300 Pausanias
1327 1259 1344 1299 r
1363 1239 1429 1298 l8l
1449 1237 1474 1296 in
1492 1235 1532 1295 do·

385 1341 557 1422 scriptione
581 1360 672 1403 arcae
697 1342 822 1424 Cypseli
846 1341 951 1420 habet,
984 1339 1160 1424 πεποίηνται
1184 1339 1217 1404 δὲ
1239 1339 1291 1404 καὶ
1314 1331 1436 1426 ᾄδουσαι
1454 1339 1532 1422 poian

384 1439 435 1505 καὶ
456 1436 604 1507 Ἀπόλλων
628 1438 762 1530 ἐξάρχων
785 1447 837 1529 τῆς
861 1439 953 1530 ᾠδῆς,
979 1442 1030 1507 καί
1052 1467 1152 1529 σφισιν
1175 1442 1349 1529 ἐπίγραμμα
1364 1443 1509 1528 γέγραπται,

557 1579 706 1654 Λατοΐδας
729 1574 814 1654 οὖτος
836 1576 909 1668 τάχ’
936 1575 1009 1652 ἅναξ
1031 1576 1173 1666 ἑκάεργος
1193 1574 1357 1658 Ἀπόλλων,

557 1687 668 1768 μοῦσαι
690 1677 719 1746 δ’
747 1678 819 1769 ἀμφ’
845 1679 947 1761 αὐτόν,
971 1684 1089 1771 χαρίεις
1111 1678 1215 1770 χορός,
1241 1681 1304 1748 οἶαι
1327 1680 1470 1770 κατάρχει.

384 1842 476 1883 nemo
500 1833 562 1884 tam
586 1824 703 1884 stultus
725 1840 796 1884 esse
818 1824 923 1903 potuit
944 1831 980 1884 ut
1008 1823 1167 1885 simulacri
1191 1821 1375 1886 declarandi
1398 1843 1475 1886 caua
1494 1821 1533 1882 ad-

383 1924 539 1987 scriberet
562 1926 647 1988 hunc
669 1944 738 1987 esse
762 1925 893 1988 lortasse
908 1923 1097 2006 Apollinem,
1123 1928 1312 2006 praesertim
1329 1947 1399 1990 cunt
1417 1937 1469 1988 tam
1482 1945 1533 2005 pu·

383 2028 529 2108 spicuum
564 2038 647 2090 esset
680 2028 786 2109 operis
819 2037 1052 2108 argumentum.
1100 2027 1156 2090 sed
1191 2029 1362 2092 ridiculum
1392 2029 1459 2092 illud
1476 2023 1533 2112 rip

383 2129 469 2193 nulla
492 2131 532 2193 de
557 2150 620 2212 qua
650 2150 838 2212 persuasum
867 2129 946 2192 mihi
978 2132 1019 2193 sit
1047 2130 1269 2194 emendatione
1299 2133 1406 2194 tollere
1425 2151 1531 2213 possum.

382 2251 455 2294 nam
478 2235 504 2295 si
529 2235 571 2296 ita
594 2233 777 2311 scribimus,

555 2349 706 2425 Λατοΐδας
729 2343 815 2424 οὗτός
837 2376 871 2438 γε
894 2344 967 2423 ἄναξ
989 2347 1131 2439 ἑκάεργος
1148 2348 1312 2434 Ἀπόλλων,

381 2465 555 2539 orationem
578 2474 710 2556 quidem
734 2473 889 2537 habemus
912 2493 994 2554 quae
1016 2475 1093 2537 lerri
1116 2477 1214 2556 possit
1241 2475 1286 2556 (ut
1307 2475 1535 2558 lleyniusinalio

381 2579 524 2642 eiusdem
558 2598 650 2640 arcae
683 2579 840 2640 versiculo
874 2597 969 2658 quem
993 2578 1162 2640 Pausanias
1185 2598 1212 2639 c.
1242 2579 1280 2640 l9
1306 2581 1323 2640 i
1354 2579 1450 2641 adfert
1473 2587 1534 2638 recte

381 2685 546 2764 scripsisse
580 2682 709 2745 videtur
736 2675 896 2766 Ἰφιδάμας
918 2671 1004 2752 οὗτός
1027 2705 1076 2764 γε,
1111 2677 1201 2746 Κόων
1223 2676 1437 2768 περιμάρναται
1456 2673 1532 2754 αὐτοῦ,

380 2785 436 2850 uhi
460 2787 493 2848 in
517 2785 608 2847 libris
631 2774 716 2856 οὗτός
739 2806 771 2847 τε
794 2784 871 2868 est);
914 2795 979 2846 turn
1004 2784 1081 2848 illud
1113 2785 1267 2849 efficimus
1293 2796 1330 2847 ut
1352 2805 1411 2847 non
1431 2784 1536 2864 amplius

381 2889 519 2951 elidatur
541 2889 657 2950 vocalis
679 2899 753 2949 ante
776 2878 859 2966 ἄναξ,
885 2888 970 2968 quod
993 2886 1110 2949 iactum
1133 2907 1203 2950 esse
1227 2889 1258 2948 in
1283 2897 1346 2950 tarn
1363 2899 1474 2951 vetusto
1487 2885 1535 2964 epi-

381 3001 553 3072 grammate
577 2991 776 3052 Corinthiaco
799 3009 862 3051 non
882 2989 1037 3052 credibile
1061 3000 1122 3066 est;
1150 2988 1289 3070 denique
1305 2991 1470 3071 paullulum
1482 3007 1535 3067 spo-

381 3097 440 3156 ciei
463 3093 594 3158 fortasse
611 3093 729 3156 addere
752 3093 854 3174 possis
869 3094 1068 3156 coniecturae
1092 3095 1117 3155 si
1134 3094 1301 3174 scripseris
1324 3084 1407 3164 οὗτός
1427 3115 1476 3176 μοι
1496 3087 1536 3151 sed

380 3209 485 3262 tamen
509 3201 637 3278 ineptus
661 3216 762 3259 essem
785 3197 812 3258 si
836 3198 918 3259 hanc
940 3205 1085 3276 putarem
1102 3215 1172 3258 esse
1188 3195 1448 3260 emendationem.
1474 3189 1535 3274 quod

381 3301 500 3364 frustra
523 3301 667 3382 quaesivi
692 3301 858 3361 invenient
879 3300 946 3361 alii.

342 3391 344 3394 ¹
466 3405 572 3466 XXVI.
620 3405 655 3465 In
685 3413 810 3464 vetusto
840 3402 921 3465 libro
952 3402 1096 3464 Salmasii
1127 3403 1183 3483 qui
1217 3421 1302 3464 nunc
1332 3403 1453 3465 Parisiis
1477 3402 1537 3460 inter

380 3507 505 3571 codices
528 3507 653 3568 Latinos
676 3525 808 3569 numero
831 3516 878 3567 est
904 3506 1006 3566 t03t8
1031 3515 1100 3586 post
1123 3513 1273 3585 excerpta
1296 3524 1337 3567 eu
1360 3505 1446 3567 libris
1465 3505 1537 3564 Natu·

381 3612 456 3672 ralis
472 3608 621 3672 historiae
638 3609 729 3672 Plinii
753 3628 802 3670 ιιι
819 3617 850 3669 et
865 3629 911 3688 ιι,
938 3627 1073 3689 quorum
1091 3608 1163 3670 finis
1177 3610 1284 3689 periit,
1312 3609 1343 3668 in
1361 3607 1468 3670 scheda
1482 3605 1535 3666 iil.

379 3723 451 3776 ante
474 3730 568 3793 quarn
593 3721 669 3793 quot
692 3710 916 3774 interciderint
937 3711 1002 3773 dici
1025 3728 1088 3773 non
1111 3721 1226 3792 potest,
1251 3711 1368 3792 legitur
1383 3711 1449 3772 finis
1464 3705 1537 3769 libelli

379 3817 430 3877 oui
459 3813 675 3896 subscriptum
705 3825 752 3876 est
785 3815 889 3896 apulei
905 3816 1058 3896 platonice
1080 3815 1207 3896 amplicit
1229 3814 1266 3876 de
1289 3815 1426 3878 remediis
1447 3811 1538 3874 soluto-

379 3917 465 3980 ribus
489 3917 631 4000 feliciter.
671 3919 727 3998 qui
757 3918 816 3979 ista
846 3917 948 3980 edidit
978 3918 1119 3999 Silligius
1147 3917 1239 3980 Plinii
1264 3927 1346 3980 toruo
1369 3937 1386 3978 ι
1407 3937 1437 3998 p.
1454 3910 1538 3976 ntdr

331 4084 334 4092 ,
380 4020 504 4083 mendis
532 4021 700 4103 permultis
730 4039 829 4082 unum
858 4020 967 4082 tollere
998 4021 1074 4082 satis
1101 4020 1226 4084 habuit:
1268 4021 1451 4102 contempsit
1476 4017 1537 4078 enin

379 4143 458 4205 quas
481 4125 618 4205 ineptias
641 4122 729 4185 dicit.
770 4124 847 4185 mihi
877 4123 1005 4204 regulae
1037 4122 1108 4184 illae
1135 4141 1199 4185 non
1230 4124 1404 4205 ineptiores
1425 4139 1485 4184 csse
1503 4119 1538 4174 ti·

379 4226 496 4289 dentur
518 4227 625 4288 multis
655 4227 724 4288 aliis
754 4244 835 4305 quae
858 4237 986 4288 veteres
1016 4226 1131 4288 medici
1159 4227 1360 4307 reliquerunt
1388 4221 1538 4307 praeceptis

378 4349 484 4410 neque
507 4330 677 4410 quicquam
700 4328 859 4391 edendum
884 4339 960 4410 puto
979 4329 1066 4391 nulla
1081 4339 1116 4392 ut
1139 4329 1280 4410 intellegi
1304 4331 1402 4410 possit
1422 4323 1538 4389 adhibita

379 4451 465 4495 cura.
498 4432 676 4494 adscribam
692 4432 789 4512 igitur
804 4433 907 4494 omnia
925 4442 960 4494 ut
980 4429 1179 4494 emendanda
1195 4443 1297 4512 erant,
1321 4431 1436 4494 codicis
1450 4423 1538 4490 menda

378 4555 396 4596 a
419 4535 540 4616 Silligio
564 4545 761 4616 repetantur.
