3178 5136
587 435 691 495 Vnam.
1160 415 1232 488 523

54 625 181 705 perlecto
211 621 313 684 cilicio
341 624 482 702 loquitur
504 620 627 699 Alecto,
653 621 710 683 sed
737 631 902 702 postquam
926 618 1068 682 Amatam
1092 623 1125 682 iu
1148 621 1234 683 Iuro-

54 747 111 789 rem
134 727 266 788 coniecit
288 725 328 788 ad
352 727 492 787 Turnum
516 745 550 787 se
573 725 722 786 transfert
746 743 884 804 eumque
910 723 1077 804 adsumpta
1102 722 1235 803 Calybes

52 831 139 892 forma
163 831 291 908 instigat
314 830 455 890 oratione
477 839 512 891 ut
535 827 655 890 bellum
679 838 811 890 moveat.
844 847 957 890 verum
980 825 1233 888 emendationem

54 934 158 995 frustra
187 932 440 1012 periclitabimur
468 930 569 993 donec
598 933 714 994 certius
745 933 920 992 constiterit
949 929 1028 1011 quid
1057 932 1179 1011 legatur
1202 929 1234 989 in

53 1035 125 1098 libro
146 1037 340 1097 Veronensi:
380 1036 479 1096 IlaIus
508 1037 591 1096 enirn
620 1033 771 1096 obscuras
801 1035 869 1095 eins
907 1035 1028 1095 litteras
1057 1052 1120 1094 non
1150 1043 1234 1093 recte

54 1139 172 1201 ridetur
194 1137 383 1219 dispexIsse.
432 1136 511 1200 illud
533 1147 639 1198 tamen
669 1136 753 1218 quod
776 1138 903 1217 scripsit
933 1130 1053 1220 ἰοφόρον
1075 1128 1234 1219 πρόσωπον

54 1261 108 1302 non
137 1252 259 1304 tanturn
288 1241 484 1322 intellegitur
515 1239 690 1303 absurdum
726 1260 853 1302 esseae
880 1242 974 1320 plane
997 1241 1145 1316 stultum,
1178 1237 1235 1300 sed

54 1355 130 1424 patet
153 1347 247 1406 etlam
271 1343 350 1424 quid
372 1363 430 1425 pro
454 1363 490 1405 eo
507 1343 689 1424 ponendum
705 1345 756 1404 sit.
794 1343 961 1406 adnotatur
977 1344 1062 1404 enim
1080 1343 1112 1403 in
1129 1341 1235 1404 codice

53 1468 114 1510 esse
136 1442 483 1510 ῙὩΦΟΠΡΟΣΟΠΟΝ.
530 1447 615 1509 unde
639 1448 841 1510 manifestum
865 1457 912 1508 est
936 1445 1140 1508 scribendum
1165 1465 1233 1507 essa

54 1546 145 1635 κωφὸν
167 1545 336 1636 πρόσωπον.
386 1552 525 1631 pertinet
550 1549 581 1611 id
604 1550 644 1612 ad
668 1550 784 1613 Graeca
807 1552 885 1612 artis
904 1549 1055 1612 vocabula
1079 1568 1161 1630 quae
1178 1553 1236 1610 La-

54 1656 104 1715 IIni
127 1657 321 1734 grammatici
346 1653 540 1716 retinebant.
583 1655 722 1715 Donatus
745 1652 785 1716 ad
808 1655 947 1734 Hecyrae
966 1673 974 1714 ι
991 1654 1044 1714 23
1069 1651 1236 1732 adscripsit

56 1754 159 1842 ‘nupia
183 1751 341 1842 πρόσωπον
371 1757 554 1818 inducitur.’
601 1755 695 1818 habet
725 1751 826 1841 κωφὸν
853 1750 1010 1840 πρόσωπον
1038 1756 1132 1816 etIam
1155 1756 1236 1815 Mar-

54 1863 128 1923 tIalis
145 1881 174 1921 vr
193 1863 223 1922 6.

131 1966 287 2026 LXXVIII.
336 1963 506 2044 Euripides
530 1965 562 2024 in
585 1963 694 2024 Medea
710 1983 742 2023 ν.
761 1965 822 2024 ato

405 2069 468 2137 πῶς
491 2057 542 2129 οὖν
567 2066 654 2150 ἱερῶν
677 2069 817 2149 ποταμῶν

406 2162 425 2252 ἢ
448 2163 533 2240 πόλις
556 2162 575 2252 ἢ
600 2160 694 2254 φίλων

407 2267 556 2356 πὸμπιμὸς
580 2296 613 2335 σε
635 2267 724 2358 χώρα

408 2371 461 2438 τὰν
484 2375 712 2461 παιδολέτειραν
736 2375 803 2454 ἕξει,

413 2475 465 2542 τάν
489 2475 547 2565 οὐχ
571 2473 654 2542 ὁσίαν
680 2474 737 2563 μετ’
765 2469 883 2554 ἅλλωνς

57 2581 90 2642 de
112 2584 199 2644 initio
223 2583 372 2643 carmInIs
395 2583 475 2643 nihil
499 2582 640 2664 prolerre
664 2603 791 2664 possum
808 2582 894 2663 quod
918 2583 994 2642 mihi
1018 2583 1078 2661 Ipsi
1102 2581 1235 2660 placeat,

56 2703 159 2746 vereor
181 2696 288 2747 tamen
319 2705 358 2746 ne
382 2685 551 2748 diIfioultas
580 2696 610 2747 et
639 2685 814 2748 obscuritas
843 2687 912 2746 eius
942 2704 1003 2746 non
1033 2688 1074 2748 sit
1096 2681 1238 2744 discussa

56 2789 184 2850 Elmsleii
210 2791 482 2868 iuterpretatione.
530 2789 587 2851 sed
610 2784 663 2851 τὰν
680 2783 737 2873 οὐχ
753 2782 838 2850 ὁσίαν
855 2781 914 2870 μετ’
935 2778 1035 2850 ἄλλων
1053 2787 1237 2868 languidum

56 2910 116 2952 esse
140 2894 339 2954 Hermannus
364 2893 528 2954 verissIme
558 2891 724 2954 iudicavit:
766 2909 956 2972 quamquam
985 2890 1069 2970 quod
1092 2891 1239 2952 scriben-

57 2993 123 3054 dum
147 3015 217 3057 esse
241 2996 374 3056 coniecit
397 2989 449 3057 τὰν
473 2989 531 3080 οὐχ
554 2988 638 3057 ὁσίαν
663 2989 723 3078 μέγ’
751 2985 850 3057 ἄλλων
874 3013 936 3054 non
954 2993 1081 3056 videtur
1096 2994 1158 3056 dioi
1181 3014 1240 3075 po-

57 3099 157 3158 tuisse.
199 3099 319 3160 nullam
346 3109 452 3161 autem
481 3098 738 3180 probabilitatem
769 3096 865 3159 habet¹
889 3097 1017 3159 lacobsii
1042 3091 1099 3180 μετ’
1127 3092 1236 3160 ἀστῶν.

59 3199 125 3260 mibi
148 3221 225 3262 vero
254 3211 352 3264 totum
381 3201 461 3263 illud
480 3196 547 3264 οταν
570 3196 629 3287 οὐχ
651 3194 734 3264 ὁσίαν
758 3195 816 3284 μετ’
845 3191 944 3264 ἄλλων
968 3203 1035 3262 slve
1059 3203 1152 3262 etlam
1177 3194 1236 3285 μετ’

59 3295 146 3364 ἀστῶν
172 3304 346 3365 insolenter·
369 3303 487 3365 dictum
511 3305 651 3366 videtur.
691 3306 856 3386 scripsisse
879 3315 956 3383 puto
979 3305 1165 3385 Euripidem

411 3402 464 3470 τάν
488 3402 546 3492 οὐχ
568 3403 653 3471 ὁσίαν
677 3409 837 3490 μεταλλᾶν,

61 3525 142 3586 quom
160 3529 221 3591 pro
244 3510 357 3571 scetere
379 3529 433 3571 suo
456 3511 544 3591 cesos
567 3520 611 3573 est
633 3510 765 3592 adloqui.
791 3510 925 3573 verbum
948 3509 1033 3590 quod
1055 3521 1103 3571 est
1127 3513 1241 3592 μεταλ-

59 3608 106 3671 λᾰν
128 3631 144 3672 a
168 3614 296 3692 propria
320 3623 351 3673 et
366 3613 531 3674 Homerica
546 3614 586 3676 ad
601 3612 794 3694 adloquendi
811 3612 1071 3694 significationem
1088 3612 1242 3675 Pladarus

59 3711 178 3775 deflexit
200 3734 273 3777 cum
295 3715 376 3777 dixit
399 3717 447 3776 Ol.
467 3719 486 3777 6
504 3718 538 3776 bl
568 3704 788 3801 ἀντεφθέγξατο
812 3710 837 3778 δ’
865 3709 1005 3800 ἀρτιεπὴς
1024 3712 1143 3800 Πατρία
1166 3707 1241 3778 ’όσσα

59 3811 234 3895 μετάλλασέν
256 3817 289 3881 τέ
319 3841 363 3880 νιν
401 3810 519 3904 ιιὄρσο,
551 3819 652 3896 τέκος,
685 3817 780 3904 Δεῦρο
802 3815 963 3903 πάγκοινον
986 3818 1017 3889 ἐς
1039 3808 1151 3903 χώραν1
1175 3813 1300 3901 ἴμενναα

59 3912 154 4000 φάμας
176 3911 333 3984 ὁπισθεν.”
378 3933 453 4003 puto
483 3924 567 3984 enim
598 3917 783 4006 perdilecto
812 3921 845 3984 τέ
874 3944 918 3983 νιν
947 3923 1026 3982 nilril
1054 3921 1142 3983 aliud
1171 3941 1241 3984 esse

61 4037 145 4098 qoam
169 4032 196 4086 et
218 4024 361 4087 odlooato
383 4034 427 4088 cst
449 4045 515 4087 eum
538 4027 778 4107 slmplicIusque
803 4037 834 4087 et
857 4025 974 4086 rectius
993 4043 1088 4105 quam
1111 4044 1163 4087 eos
1187 4027 1242 4106 qui

61 4135 174 4188 mutare
196 4127 276 4189 illud
299 4129 470 4192 voluerunt
492 4140 546 4192 aut
568 4130 646 4191 alias
666 4130 892 4210 explicationes
909 4129 1136 4208 quaesiverunt
1159 4128 1244 4190 iudi-

61 4245 139 4290 casse
169 4241 199 4292 et
228 4231 385 4312 Heanum
414 4243 445 4294 et
474 4235 699 4295 Buttmannum
734 4234 767 4293 in
798 4231 943 4311 Lexilogo
966 4242 989 4292 t.
1008 4248 1018 4291 t
1040 4250 1072 4311 p.
1092 4232 1164 4292 tto.
1189 4225 1242 4293 τὰν

61 4322 112 4414 οὐχ
132 4325 214 4396 ὁσίαν
240 4335 402 4417 μεταλλᾶν.
427 4337 454 4396 si
471 4335 665 4398 Pindaricam
688 4336 775 4397 illam
789 4332 881 4396 verbi
902 4334 1162 4414 sIgnilicationcm
1186 4334 1244 4396 ad-

62 4435 240 4516 gnoscimus,
265 4441 455 4500 sententiam
478 4438 612 4520 praebet
627 4439 834 4519 aptIssImam.
870 4437 973 4498 siuiile
996 4437 1145 4517 estquod
1171 4438 1244 4497 Phi-

61 4531 181 4600 loctetes
196 4540 359 4621 Sophoclis
375 4540 453 4603 dicit
470 4561 501 4602 v.
523 4541 604 4604 ⁴352
629 4535 694 4603 εἶτα
715 4543 779 4610 πῶς
802 4533 819 4603 ὁ
842 4535 989 4624 δύσμορος
1009 4533 1063 4611 Ἐς
1086 4541 1151 4624 φῶς
1173 4533 1238 4602 τάδ’
