3178 5136
349 373 423 444 520
745 389 788 449 Ex
811 409 908 451 ιιιιιι
931 391 1137 451 Bracmanum.

348 577 413 638 tina
437 597 468 657 p.
487 577 576 658 532),
603 596 633 637 v.
652 578 713 638 803
737 585 770 638 et
792 578 842 640 itio
856 579 991 659 suppilat
1006 577 1080 639 mihi
1094 596 1206 638 nurum
1229 584 1258 638 et
1275 577 1378 658 poitur
1392 594 1430 637 eo:
1442 579 1507 640 ursit

348 679 444 752 domo,
471 682 518 741 Me
540 680 696 762 despoliat,
723 699 789 740 meu
811 689 990 742 ornumeotu
1012 679 1090 741 olom
1114 679 1155 742 nd
1175 682 1350 742 meretrices
1370 678 1480 762 deponi.

433 783 566 845 Versum
589 784 861 845 Menaechmum
884 785 958 862 882,

597 883 691 947 lumbi
711 885 850 964 sedendo,
876 887 956 948 omiti
976 885 1138 968 penando
1159 886 1269 958 dotem,

349 987 539 1050 Ritschelius
562 987 769 1052 reficiendum
792 1007 861 1052 csse
884 991 1007 1070 putavit
1035 991 1078 1051 mi
1105 990 1293 1070 pronomine
1317 997 1385 1068 post
1405 987 1515 1049 ammte

348 1087 466 1168 addito,
493 1090 713 1153 Fleckeiseuus
735 1089 781 1152 ihi
804 1100 832 1154 et
854 1111 973 1173 ponere
989 1091 1142 1170 voluerat,
1168 1091 1338 1152 Muellerus
1360 1110 1392 1170 p.
1408 1089 1465 1149 886
1479 1090 1517 1150 iiii

348 1191 506 1254 excidisse
529 1195 688 1273 opinetur.
728 1193 808 1275 fugit
837 1213 891 1256 eos
921 1195 1005 1257 hunc
1034 1211 1162 1256 versum
1184 1213 1277 1256 suum
1298 1191 1410 1254 iecisse
1430 1191 1517 1254 huso-

348 1298 437 1358 nium
464 1297 497 1356 in
527 1295 613 1358 Ludo
642 1308 763 1378 septem
793 1299 972 1378 sapientum
1002 1298 1222 1377 scriptumque
1253 1294 1298 1356 ibi
1329 1314 1398 1357 esse
1419 1313 1449 1376 p.
1463 1295 1515 1356 978

348 1398 437 1460 Tollii
461 1397 556 1460 iuuiu
577 1399 705 1461 sedertdo
727 1400 861 1481 oculique
883 1400 1044 1481 spectando
1067 1399 1177 1478 detaut,
1203 1399 1260 1461 sed
1283 1418 1300 1462 a
1325 1408 1431 1460 vetere
1452 1402 1518 1460 scri·

348 1511 441 1582 ptura
464 1519 520 1582 que
541 1500 671 1564 afuisse.

282 1597 286 1608 '
435 1605 552 1666 mixti.
599 1606 634 1666 ln
656 1606 796 1667 Terentii
819 1604 971 1667 Eunucho
988 1606 1033 1666 12
1051 1605 1111 1666 417
1135 1603 1209 1665 lihri
1232 1605 1356 1684 antiqui
1380 1603 1485 1665 hahent

503 1726 549 1769 me
571 1710 726 1782 miserum,
748 1707 882 1788 forsitan
904 1706 951 1769 hio
974 1707 1048 1770 mut
1065 1725 1200 1789 paruum
1221 1707 1330 1769 hobam
1347 1707 1443 1788 fidem,

348 1812 410 1872 nisi
433 1809 518 1891 quod
542 1811 574 1872 in
598 1821 688 1891 parte
717 1829 826 1873 eorum
846 1829 961 1892 parum
989 1810 1225 1891 scriptumest.
1272 1829 1347 1872 nam
1368 1808 1448 1891 quod
1468 1809 1519 1872 lto

349 1925 443 1976 natus
462 1913 572 1995 [oreon
596 1913 715 1976 hahere
739 1914 868 1992 dicitur,
900 1913 980 1973 nihil
1007 1911 1161 1975 eiusmodi
1194 1915 1294 1994 ipsius
1323 1911 1418 1975 verba
1440 1931 1519 1993 prae-

348 2016 438 2078 bent.
470 2017 527 2078 sed
551 2018 711 2079 Bentleius
730 2016 841 2097 serron
864 2017 1079 2078 necessarium
1094 2035 1165 2078 esse
1187 2017 1311 2098 putavit
1331 2027 1367 2078 ut
1388 2033 1520 2078 numeros

348 2139 422 2182 suos
445 2121 603 2200 reciperet
625 2138 749 2197 versus,
774 2137 869 2200 quem
892 2120 987 2180 telem
1010 2118 1085 2180 iecit

478 2241 524 2284 me
546 2225 701 2298 misorum,
724 2221 834 2302 forsan
855 2224 988 2303 porcam
1009 2221 1058 2284 hio
1079 2219 1186 2284 hubent
1208 2220 1399 2301 tricipitem.

349 2343 465 2405 nempe
489 2327 521 2385 iu
551 2324 788 2405 exemplaribus
815 2325 891 2386 oiim
920 2325 1076 2405 inpressis
1103 2324 1218 2405 legitur
1237 2323 1372 2404 forsitan
1392 2323 1437 2384 hie
1454 2341 1520 2403 por·
1575 2393 1576 2406 χ

348 2446 419 2490 aiom
442 2427 552 2490 hebeat
566 2427 641 2488 mihi
651 2429 750 2508 fidere.
777 2427 862 2489 idem
883 2427 995 2508 forsan
1017 2427 1180 2490 Bentleius
1202 2427 1310 2489 intulit
1334 2428 1365 2488 iu
1386 2423 1518 2487 Andriam

318 2526 324 2536 '
350 2531 449 2610 rit,
476 2530 532 2592 ubi
556 2531 682 2612 scripsit

918 2634 1030 2716 ‹itiquis
1049 2631 1160 2714 forsan
1183 2634 1230 2693 uri
1250 2641 1334 2714 putet

554 2739 613 2798 ooo
632 2744 745 2818 putore
766 2736 820 2798 hoc
841 2737 958 2798 utrum.
1574 2803 1575 2814 χ

350 2844 383 2901 in
406 2840 498 2902 libris
521 2850 569 2901 est
592 2839 703 2920 uliquis
723 2838 856 2919 forsitan
880 2859 925 2900 me
944 2845 1045 2920 putet,
1079 2840 1139 2900 nisi
1171 2838 1256 2918 quod
1280 2837 1445 2900 Bembinus
1463 2835 1519 2916 [or—

292 2959 340 3005 ιιι
351 2931 448 3004 sitom¹
473 2941 579 3004 habet.
611 2952 695 3003 recte
719 2953 823 3004 autem
846 2961 951 3023 nuper
973 2941 1226 3021 obtemperatum
1250 2951 1298 3003 est
1314 2943 1481 3003 Hermanno
1495 2939 1519 2997 in

351 3045 524 3106 Elementis
546 3043 707 3106 doctrinae
732 3045 879 3106 metricae
903 3064 935 3125 p.
956 3045 1016 3104 176
1041 3044 1118 3105 haec
1142 3044 1183 3104 ita
1206 3043 1416 3120 constituenti,

874 3147 985 3228 uliquis
1007 3165 1054 3207 me
1073 3146 1207 3227 forsitan

668 3257 754 3330 putet
774 3253 834 3310 niu
854 3257 967 3331 putore
989 3249 1042 3311 hoc
1064 3251 1182 3310 tumim.

351 3354 383 3413 iu
406 3352 552 3415 Eunuchi
577 3371 673 3413 versu
696 3351 835 3414 Bentleio
858 3362 990 3415 eatenus
1014 3361 1190 3432 paruerunt
1213 3363 1249 3414 ut
1271 3351 1443 3414 scriberent

481 3473 526 3516 me
548 3459 704 3530 miseram,
727 3455 838 3536 forsan
860 3452 909 3516 hic
931 3453 1006 3515 mihi
1022 3473 1157 3536 paruam
1179 3453 1290 3516 hubent
1308 3456 1406 3535 fidem.

349 3558 465 3619 nollem
495 3557 622 3619 iactum.
670 3576 742 3618 nam
768 3556 920 3637 forsitan,
953 3557 1037 3637 quod
1061 3557 1188 3618 Plautus
1217 3559 1340 3638 ignorat
1372 3555 1519 3638 (quipper

350 3658 506 3722 Pseudulo
523 3660 568 3720 ιδ
589 3660 626 3720 t'i
651 3670 806 3722 remotum
836 3670 883 3721 est
910 3659 1095 3720 auctoritate
1118 3659 1192 3720 iibri
1216 3657 1442 3740 Ambrosiam),
1471 3655 1520 3715 Te·
1572 3671 1573 3695 ι

350 3763 473 3825 rentius
496 3773 662 3844 praeterea
685 3761 766 3825 dixit
790 3763 821 3823 in
841 3762 1026 3822 Phormione
1042 3780 1074 3821 ιν
1090 3761 1108 3821 5
1126 3761 1157 3840 5,
1183 3771 1291 3824 utrum
1312 3761 1415 3844 forsan
1439 3775 1519 3820 usur-

349 3868 473 3946 paverit
496 3865 590 3946 plaue
615 3867 785 3942 nescimus,
810 3883 915 3945 neque
938 3865 994 3945 qui
1018 3883 1053 3926 ea
1077 3883 1152 3926 voce
1175 3883 1254 3926 usus
1272 3865 1314 3926 sit
1329 3864 1518 3944 antiquiorem

349 3967 495 4028 novimus
518 3969 671 4030 Lucretio.
719 3967 816 4030 scribi
847 3977 949 4048 potest
979 3969 1012 4028 in
1035 3967 1204 4046 Eunucho,
1237 3970 1264 4030 si
1293 3977 1395 4030 tamen
1423 3981 1519 4026 versus

349 4069 570 4133 emendandus
592 4081 651 4150 est,

478 4176 701 4250 memineram,
723 4173 857 4254 forsitan
880 4175 922 4234 mi
943 4172 991 4234 hic
1011 4191 1146 4254 parvum
1168 4172 1278 4236 hubent
1296 4175 1392 4255 fidon.

436 4275 580 4338 Eunuchi
598 4295 630 4336 ιιι
647 4277 666 4336 5
684 4277 735 4354 ta,
762 4275 818 4338 ubi
835 4276 974 4360 Chaerea
997 4285 1106 4336 narrat
1126 4294 1208 4356 quae
1223 4297 1330 4340 secum
1345 4277 1516 4358 reputaverit

349 4389 516 4459 conspecte
544 4379 652 4441 tabula
676 4381 707 4440 iu
731 4397 793 4460 qua
817 4379 898 4459 picta
923 4389 990 4439 erat
1013 4379 1118 4440 Danae
1142 4387 1173 4440 et
1195 4397 1292 4442 aurea
1317 4381 1391 4441 iovis
1412 4379 1514 4460 pluria,

351 4482 383 4543 iu
407 4479 499 4542 libris
521 4483 674 4562 scriptum
699 4492 746 4544 est
1426 4475 1428 4480 ¹
