3182 5132
583 437 752 501 Antenori.
1186 431 1260 503 389

85 625 184 688 ἐκεῖνον
212 621 263 688 τὸν
288 625 414 709 λέγοντα
437 621 513 710 ὁμοῦ
537 627 617 690 δοκῶ
641 624 692 691 καὶ
715 623 767 711 τὴν
791 627 921 713 ποίησιν.
970 631 1010 693 de
1035 633 1081 693 eis
1104 653 1186 714 quae
1210 655 1262 696 sc-

86 739 189 791 cuntur
211 730 291 811 quid
319 729 522 792 statuendum
546 732 587 792 sit
610 733 706 792 velim
729 752 745 793 a
770 732 965 796 doctioribus
988 734 1122 798 discere.
1170 741 1263 819 cqui-

87 832 149 894 dem
175 836 258 896 enim
284 853 388 915 neque
412 834 500 896 illum
524 836 595 896 novi
620 823 718 897 cuius¹
742 855 857 898 nomen
882 840 1035 901 reticetur
1058 860 1162 921 neque
1185 843 1321 922 quidaat

86 931 150 1018 μετὰ
176 936 264 1001 δαῖτα
293 938 345 999 bic
375 936 437 1000 sibi
459 938 537 999 velit
560 941 637 1000 satis
660 940 825 1020 intellego,
856 960 938 1021 quae
961 951 1066 1006 autam
1092 946 1263 1028 Porphyrio

85 1041 261 1104 tribuuntur
291 1060 353 1104 non
385 1043 492 1103 inveni
521 1041 553 1102 in
576 1043 704 1123 scriptis
727 1044 796 1105 eius
817 1063 898 1124 quae
922 1053 1048 1107 estam:
1082 1057 1114 1109 et
1136 1047 1264 1111 videtur

87 1147 155 1209 illud
177 1141 242 1231 μετ’
270 1139 424 1228 ἀμύμονας
447 1135 556 1216 ἄλλους
569 1155 688 1226 poetae
712 1150 816 1228 potius
839 1165 919 1211 esse.
963 1141 1125 1235 Ἀλκηοτής
1147 1152 1264 1234 depra-

86 1261 183 1312 vatum
206 1269 276 1313 esse
300 1269 363 1311 non
386 1247 516 1311 dubito:
543 1249 747 1344 scribendum
772 1271 841 1314 esse
860 1246 995 1325 Ἀλκαῖος
1018 1255 1119 1318 cuivis
1137 1267 1200 1318 tam
1217 1256 1264 1318 la-

86 1356 138 1415 cilc
167 1355 197 1414 in
225 1363 364 1416 mentem
393 1356 482 1414 venit
505 1362 539 1415 ut
562 1353 612 1414 vel
636 1353 860 1434 Combefisius,
894 1357 1065 1421 monachus
1088 1358 1265 1422 industrius
1369 1349 1372 1356 ¹

86 1455 134 1518 scd
157 1456 247 1518 valde
271 1455 426 1534 indoctus,
453 1454 493 1517 de
517 1475 553 1518 eo
574 1458 728 1536 cogitarit,
754 1458 920 1538 proterens
937 1461 988 1522 illc
1005 1462 1099 1524 simul
1116 1461 1261 1525 ridicula.

86 1572 113 1622 ct
134 1559 259 1624 videtur
281 1579 357 1623 sane
380 1562 428 1622 eis
450 1579 531 1640 quae
544 1554 705 1645 Ἀλκηπὴς
721 1561 840 1624 dixisse
855 1572 1004 1626 narratur
1018 1563 1161 1628 Alcaieae
1178 1567 1265 1647 peri-

87 1683 173 1746 copae
202 1666 317 1728 tertius
348 1665 524 1726 versiculus
553 1663 703 1744 subesse,
736 1665 814 1728 θέων
844 1659 877 1731 τὸ
903 1668 962 1731 πᾶν
991 1663 1086 1753 fitilla
1108 1669 1262 1748 δέδασται,

87 1769 146 1830 sive
169 1771 272 1848 potius
294 1766 374 1830 tter
398 1764 544 1832 δέδασται
564 1761 662 1832 πάντα
683 1763 788 1854 pitto.

164 1872 263 1934 LVlll.
296 1872 478 1953 Propertius
494 1892 503 1933 r
522 1873 559 1932 tt
577 1873 612 1934 at
625 1891 651 1934 s.

241 1985 274 2038 tu
296 1995 370 2038 eave
391 1995 429 2038 oe
451 1978 534 2039 tristi
553 1978 661 2058 cupies
679 1997 821 2061 pnpoore
839 1979 970 2060 puellae,
1010 1993 1016 2002 ·

304 2099 379 2142 neve
401 2079 535 2162 superba
557 2081 647 2162 loqui,
672 2099 747 2142 neve
769 2089 869 2144 tacere
891 2083 955 2159 diat,

242 2201 301 2245 neu
324 2185 353 2246 si
374 2185 446 2265 quid
464 2186 552 2265 petiit
574 2185 698 2267 inprutu
717 2184 819 2266 fronte
841 2187 976 2268 uaporis,

304 2307 365 2349 near
387 2287 441 2350 tibi
459 2307 517 2368 pro
540 2307 619 2349 vano
642 2288 737 2349 verba
758 2288 888 2371 beoipao
910 2289 1033 2351 eadam.

86 2391 253 2452 rectissime
276 2411 310 2453 se
334 2391 420 2471 quod
442 2392 483 2454 ad
505 2410 655 2453 numeros
676 2393 789 2454 attinet
810 2393 944 2454 alterum
970 2393 1186 2455 hexametrum
1211 2393 1267 2454 ha-

88 2491 157 2556 bere
179 2515 269 2558 nemo
288 2494 460 2556 dubitabit.
508 2503 612 2557 tamen
629 2514 690 2557 non
707 2494 801 2556 eredo
817 2497 1013 2578 Propertium
1030 2497 1071 2558 ita
1087 2497 1264 2577 scripsisse.

88 2616 192 2659 verum
221 2597 351 2678 quidem
381 2608 429 2660 est
465 2599 622 2678 ingratum
653 2617 722 2660 esse
758 2598 870 2660 frontis
899 2609 1076 2661 contractae
1106 2608 1137 2660 et
1168 2601 1267 2660 tristis

88 2700 282 2782 adspectum,
316 2701 372 2763 sed
396 2701 501 2763 debile
525 2712 573 2764 ast
596 2702 675 2765 illud
698 2701 884 2764 vocabulum
909 2723 968 2765 neo
989 2703 1065 2764 satis
1088 2703 1264 2783 proprium.

89 2805 179 2866 sensit
206 2806 263 2868 boc
293 2808 494 2868 Burmannus
525 2825 629 2886 neque
661 2807 767 2886 inepte
798 2806 931 2867 coniecit
959 2803 1166 2867 scribendum
1197 2823 1266 2866 esse

89 2908 181 2970 irato:
204 2918 235 2970 et
257 2907 386 2971 confusa
409 2918 484 2971 sunt
505 2909 634 2990 saepius
657 2909 728 2970 irati
751 2919 782 2969 et
799 2911 913 2990 ingrati
929 2907 1092 2989 vocabula,
1118 2908 1151 2968 in
1168 2909 1267 2989 ipsius

89 3012 174 3073 etiam
197 3014 350 3093 Propertii
373 3011 579 3074 carminibus.
626 3013 703 3073 mibi
726 3033 802 3074 vero
825 3014 997 3074 mutatione
1021 3031 1123 3093 paene
1146 3013 1267 3074 minore

92 3115 313 3178 restituendum
344 3135 413 3176 esse
444 3115 572 3178 videtur
600 3115 802 3196 quodetiam
826 3117 940 3178 melius
963 3115 1098 3178 frontem
1122 3116 1267 3196 negantis

91 3217 233 3300 depingit.

306 3324 419 3384 aeusi
438 3323 511 3404 quid
529 3325 615 3404 petiit
638 3333 745 3404 rugata
765 3323 868 3405 fronte
889 3327 1025 3407 torporis.

93 3443 154 3486 raro
176 3429 338 3490 invenitur
360 3426 495 3507 nugandi
519 3425 670 3506 verbum,
701 3447 771 3489 curn
795 3446 965 3510 conruporc
987 3429 1091 3510 paullo
1115 3429 1267 3510 [requen-

93 3529 148 3590 tius
171 3533 226 3610 sit,
259 3551 364 3612 neque
387 3532 442 3611 qui
467 3531 601 3592 frontem
624 3530 741 3593 dixerit
765 3539 906 3612 rugatam
930 3531 1032 3594 babeo
1054 3533 1266 3613 antiquiorem

94 3631 221 3713 Eugenio
243 3637 411 3712 Toletano,
437 3635 527 3697 ouius
549 3635 581 3695 in
603 3635 800 3715 praefatione
823 3635 997 3698 carminum
1021 3637 1073 3697 bio
1095 3644 1142 3697 est
1165 3639 1268 3698 versi-

94 3736 183 3818 culus,
207 3742 346 3821 quumvis
370 3737 564 3800 raucidulam
586 3746 698 3820 reputo
714 3738 815 3818 fronte
830 3736 1025 3820 susurres*l.
1065 3737 1122 3800 sed
1139 3741 1194 3819 qui
1212 3741 1269 3801 hoc

94 3854 263 3919 argumento
285 3843 326 3906 ad
349 3841 535 3904 elevandam
558 3842 748 3904 sententiam
772 3861 871 3903 meam
895 3851 1041 3905 uteretur
1059 3844 1198 3904 nesciret
1213 3843 1267 3904 ubi

96 3947 235 4027 exemplis
264 3947 451 4009 confirmare
479 3944 733 4007 emendationem
757 3947 989 4024 necessarium,
1021 3945 1076 4008 ubi
1101 3946 1214 4008 inutile
1237 3957 1268 4009 et

97 4065 350 4126 supervacaneum
374 4051 425 4110 sit.

172 4153 241 4214 ttx.
267 4156 300 4215 ln
325 4153 523 4216 enrendando
546 4154 672 4215 Minucii
697 4152 808 4214 Felicis
830 4152 958 4213 Octavio
982 4151 1112 4214 Carolus
1127 4153 1268 4215 Halmius

100 4257 201 4329 paratis
223 4257 394 4340 diligenter
416 4258 515 4338 copiis
537 4276 658 4338 suoque
683 4257 809 4336 ingenio
832 4265 893 4316 tam
918 4255 1063 4317 sollerter
1081 4275 1157 4318 usus
1172 4265 1219 4317 est
1235 4266 1268 4317 ut

102 4408 282 4425 ——n——u

171 4497 192 4562 *t
212 4497 408 4566 <Hieronymus
431 4496 464 4547 ad
483 4497 579 4549 Psalm.
596 4511 613 4546 n
632 4496 715 4548 verba
739 4499 857 4548 doninus
881 4497 1049 4547 subsannabit
1074 4509 1116 4546 eor
1133 4495 1200 4546 haee
1218 4495 1269 4546 ad-

98 4585 197 4648 scripsit,
216 4587 386 4638 subsannatio
400 4587 508 4648 propria
524 4589 621 4649 repete
638 4585 723 4649 fronte
741 4589 765 4636 et
782 4589 914 4636 contracto
932 4597 997 4634 noso
1014 4579 1195 4649 exponatur.)
