3252 5130
616 399 833 462 Gourncruuo.
1242 384 1317 458 625

127 591 302 671 quaestione
331 588 466 651 odlt'bito
495 589 650 671 confessus
679 596 723 652 est
747 595 948 670 poteramque
978 589 1105 650 retudit.
1143 603 1208 669 ‹qno
1236 586 1318 667 facto

126 693 241 774 sonum
263 692 341 755 illud
363 692 476 756 Indicis
498 692 640 754 Herculis
662 694 850 754 nominatum
872 699 926 754 est.
980 691 1112 772 adparet
1135 690 1318 753 Ciceronem

131 805 189 858 unt
211 814 247 858 ee
270 815 352 876 quoe
383 795 505 858 alieubi.
528 797 646 875 legerat
680 813 742 856 non
776 797 853 858 sotis
886 797 1066 858 memoriter
1090 795 1235 856 tenuisse
1264 803 1319 855 eut

132 899 229 960 elium
251 909 395 962 secutum
418 917 488 960 esse
511 897 626 960 lumem
647 917 743 978 quum
766 899 1005 980 Hieronymum,
1025 899 1122 960 euius
1147 898 1318 960 narrationi

132 1004 282 1082 eongruit
304 1011 459 1082 quantum
481 1012 633 1064 memorat
654 1001 866 1070 Tertullianus
886 1000 927 1064 de
954 1003 1058 1064 enimn
1080 1019 1149 1080 ουρ.
1167 1001 1210 1064 to
1232 1019 1320 1062 eoro-

131 1125 206 1167 nam
224 1125 356 1168 ronreotn
378 1124 446 1168 curn
461 1125 504 1167 ere
518 1123 590 1168 oreo
605 1103 751 1166 Athenaei
766 1104 983 1187 perdidissent,
1009 1103 1168 1185 Sophocles
1184 1107 1320 1186 trootons

130 1208 310 1270 somniando
339 1208 520 1270 redinvenit.
566 1209 653 1269 nullo
676 1207 807 1289 quidem
837 1217 928 1288 puoto
958 1227 998 1269 ex
1021 1207 1181 1270 Ciceronis
1209 1225 1321 1269 nnme-

133 1311 220 1372 tione
248 1312 364 1393 eonligi
394 1321 497 1393 potest
527 1313 560 1374 in
579 1312 648 1373 Vite
670 1311 833 1392 Sophoclis
858 1312 1023 1392 proprium
1046 1311 1183 1372 hominis
1205 1329 1320 1372 nomen

131 1413 350 1476 oblitteratum
373 1433 454 1476 esse.
501 1417 597 1476 immo
620 1414 770 1476 udeurute
794 1433 876 1494 quoe
906 1413 951 1476 ibi
980 1423 1152 1478 narrentur
1174 1412 1322 1476 couside-

136 1520 220 1594 ranti
250 1518 330 1578 nihil
361 1517 462 1580 videri
490 1527 594 1599 potest
622 1521 691 1580 veri
725 1518 861 1580 similius
895 1531 989 1598 quem
1018 1536 1164 1580 cororrem
1192 1535 1320 1580 auream

134 1619 353 1683 absconditam
385 1641 454 1684 esse
482 1623 516 1682 in
538 1621 677 1684 desoluto
700 1623 806 1702 alique
829 1621 921 1683 domo
949 1620 1107 1702 adquam
1130 1607 1199 1683 non
1229 1619 1322 1682 lueile

135 1725 308 1804 qnisquam
338 1744 522 1786 eoeessurus
550 1743 621 1787 esse
643 1723 825 1787 videbatur.
872 1723 951 1787 illud
979 1734 1085 1788 eutem
1112 1734 1242 1805 propter
1267 1718 1321 1807 τήν

134 1827 305 1892 articulum
334 1839 456 1890 eertum
479 1839 543 1906 est,
577 1829 658 1892 hene
686 1828 815 1890 domum
843 1847 901 1888 suo
929 1830 1055 1889 nomine
1085 1827 1201 1889 dietum
1229 1845 1317 1896 esse;

134 1929 258 1994 domini
282 1933 407 1992 nemine
431 1941 468 1992 ut
490 1931 606 1992 dietum
629 1949 698 1994 esse
720 1941 897 1994 statuemus
919 1949 981 1992 non
1000 1947 1134 1993 neeesse
1157 1940 1216 1993 est.
1264 1930 1323 1993 de-

135 2034 255 2094 soletee
271 2034 383 2096 domus
405 2033 572 2114 adpelletio
596 2053 671 2096 num
695 2054 735 2095 ex
758 2035 811 2094 illo
833 2027 887 2117 τήν
904 2029 944 2117 μὴ
958 2031 1107 2096 σίνοῦσαν
1123 2031 1219 2096 οἰκίαν
1238 2033 1322 2096 elfini

136 2139 238 2217 possit
260 2138 313 2198 elii
335 2135 524 2200 decernent:
552 2135 700 2218 equidem
724 2137 802 2199 haee
825 2157 861 2200 eu
884 2139 1082 2218 potissimum
1098 2135 1140 2200 de
1161 2155 1255 2199 nense
1274 2147 1324 2199 at-

138 2240 196 2301 tuli
220 2250 256 2300 nt
278 2239 423 2301 docerem
445 2239 575 2325 θεοφιλῆ
592 2241 777 2321 Sophoclem
801 2241 921 2302 dietum
944 2260 1014 2303 esse
1029 2238 1164 2320 quedam
1188 2253 1324 2302 eonsue—

135 2341 260 2404 tudine.
301 2343 393 2406 aliter
416 2345 501 2405 enim
525 2363 586 2405 non
609 2344 787 2424 scripturus
809 2343 907 2406 luisse
922 2341 1051 2405 videtur
1065 2341 1216 2404 libanius
1239 2343 1324 2423 quod

135 2447 267 2527 scripsit
291 2446 322 2506 in
346 2448 483 2526 epistula
505 2448 579 2524 393,
605 2439 682 2530 ἀνὴρ
705 2445 945 2531 σωφρονέστερος
968 2442 1021 2528 μὲν
1045 2441 1184 2528 Πηλέως,
1209 2443 1322 2530 θεοφι-

136 2541 193 2630 λὴς
217 2545 250 2609 δὲ
273 2542 330 2632 οὐχ
352 2541 438 2631 ἧττον
461 2541 481 2631 ἢ
507 2547 676 2633 Σοφοκλῆς,
702 2542 798 2618 δεινὸς
819 2547 925 2623 εἰπεῖν,
950 2543 1081 2630 ἀμείνων
1101 2547 1213 2631 efflent,
1239 2546 1325 2632 φίλος

138 2645 239 2735 σαφὴς
262 2643 348 2713 οὐδέν
371 2673 399 2713 τι
418 2649 528 2736 χείρων
551 2648 672 2714 ἐκείνων
695 2652 754 2713 τῶν
771 2648 961 2733 Συρακοσίων
984 2645 1029 2720 οἷς
1049 2647 1186 2720 ἐπίδειξις
1207 2649 1326 2733 ἐγένετο
1376 2729 1377 2734 ¹

135 2756 190 2816 τοῦ
212 2747 384 2838 πράγματος
406 2753 437 2816 ἐν
460 2778 497 2838 τρ
521 2751 675 2817 Διονυσίου
698 2743 869 2838 τυραννίδι.Ι

226 2858 353 2920 CLXlll.
378 2859 513 2920 Carmen
536 2859 702 2939 Prinpeum
718 2859 758 2917 50

390 2961 557 3037 Quaedam,
583 2963 611 3022 si
629 2961 729 3040 ploret
749 2960 802 3022 lroe
825 2958 887 3034 tibi,
915 2959 1024 3039 Priape

386 3065 567 3144 densissimo
587 3083 634 3124 me
652 3064 758 3144 intelle
781 3063 859 3124 ludit

391 3174 419 3227 et
439 3185 494 3228 nee
515 3166 570 3226 dut
590 3166 665 3226 milri
684 3184 739 3228 neo
761 3173 851 3248 mont
872 3164 1028 3226 dotorem.

136 3270 276 3349 relique,
302 3287 384 3349 qune
405 3269 563 3330 eNieolao
578 3269 705 3331 Heinsio
721 3269 886 3330 verissime
906 3267 1072 3330 emendate
1086 3277 1172 3346 sunt,
1191 3285 1254 3329 non
1269 3267 1329 3329 nd·
1400 3331 1403 3338 ,

136 3371 258 3436 scribo.
305 3371 363 3432 sed
385 3373 528 3452 ineptum
553 3381 600 3433 est
620 3372 817 3451 ficosissimu,
842 3389 948 3450 neque
969 3373 1046 3432 setis
1067 3380 1175 3450 aptum
1195 3371 1329 3451 fucosis-

137 3478 238 3552 simo,
270 3473 357 3556 quod
386 3473 528 3555 Guyetus
558 3475 692 3535 eonieeit
722 3475 986 3553 Burmannusque
1017 3473 1049 3533 in
1079 3472 1160 3534 libro
1190 3471 1328 3552 quodem

138 3579 204 3659 legi
228 3577 315 3640 dieit.
363 3575 568 3640 scribendum
592 3585 640 3638 est
663 3578 873 3638 tricesissirno.

229 3681 355 3742 CLXIV.
381 3681 414 3740 ln
428 3680 557 3760 Corippi
573 3679 762 3740 lohannidos
777 3678 880 3740 libror
897 3697 991 3742 versu
1004 3679 1064 3739 l37
1082 3678 1197 3758 legitur
1212 3685 1328 3740 aeunni

136 3783 327 3848 stridoribus
356 3783 461 3845 hostes.
507 3781 565 3844 sed
595 3782 692 3844 nostes
715 3801 777 3844 non
800 3791 905 3863 potest
927 3782 1066 3862 intellegi
1089 3799 1194 3860 neque
1216 3777 1328 3842 dubito

139 3888 316 3968 Corippum
341 3887 510 3964 retinuisse
527 3885 743 3965 Vergilianum
766 3887 853 3947 irus:
876 3903 949 3946 nem
966 3885 1099 3965 sumpsit
1116 3883 1193 3945 haee
1210 3901 1250 3943 ex
1264 3880 1331 3944 lle-

140 3989 255 4053 neidos
272 4007 311 4051 ru
327 3989 400 4050 590.

231 4091 323 4154 Libro
338 4111 360 4153 u
384 4113 414 4152 v.
435 4093 546 4154 l06ss.
572 4093 650 4153 haee
672 4092 789 4171 scripte
812 4101 897 4169 sunt,

599 4213 671 4254 nuno
690 4193 782 4274 fortis
805 4195 947 4276 llosyuus

320 4297 471 4380 quondam
491 4315 548 4380 per
571 4297 648 4358 lotos
667 4304 844 4378 prostratus
866 4295 992 4357 onlnem
1014 4313 1133 4376 compos

323 4404 424 4464 iuncto
446 4418 539 4462 sueno
562 4397 644 4460 dedit
661 4398 789 4479 praedis
812 4397 954 4479 bellisque
973 4399 1117 4479 pepercit.

138 4501 350 4570 scribendum
375 4515 422 4566 est
449 4504 567 4582 (lancee
590 4519 684 4562 suevo
706 4500 812 4582 dedit).
