3156 5132
346 389 420 464 380
739 405 782 466 Ex
805 423 900 466 nemu
924 407 1131 467 Berournrtst.

285 612 333 657 ssa
431 595 496 656 Vol.
518 615 537 656 ιι
563 617 594 677 ρ.
614 593 675 658 iii
699 594 731 654 hi
754 593 904 674 leguntur
926 613 1049 674 versuS,

570 690 726 768 ὠνείδισάς
749 720 801 779 μοι
822 699 917 780 γῆρας
940 690 981 768 ὡς
1003 689 1096 760 nands
1120 695 1207 781 μίγα,

570 792 606 866 οὗ
629 797 669 885 μή
692 793 813 886 τυχόντι
834 793 964 871 θάνατός
987 793 1053 862 ἐσθ’
1080 792 1101 882 ἡ
1124 797 1230 884 ζημία,

570 896 606 968 ait
626 898 734 975 πάντες
755 901 968 986 ἐπιθυμοῦμεν,
995 893 1031 966 ἂν
1054 896 1084 964 θ’
1111 899 1186 988 ἔλθη
1209 901 1292 982 ποτέ,

570 1001 741 1091 θανούμεθ’·
766 999 859 1078 οὕτως
882 1003 971 1090 ἐσμὲν
993 999 1154 1092 ἀχάριστοι
1176 1002 1277 1092 φύσει.

343 1113 503 1174 Ciceronis
526 1113 604 1174 hooc
626 1120 701 1174 sunt
723 1111 756 1172 in
780 1110 896 1172 Catone
920 1110 1037 1172 maiore
1060 1129 1129 1191 cap.
1148 1112 1186 1190 2,
1221 1130 1277 1194 quo
1301 1111 1331 1172 in
1353 1131 1454 1195 periere
1472 1122 1506 1174 est

342 1216 373 1275 in
400 1216 511 1296 primis
533 1221 688 1291 senectus,
721 1233 812 1296 qnam
833 1221 868 1275 at
890 1213 1104 1294 adipiscantur
1127 1232 1229 1276 ornnes
1251 1221 1372 1296 optant,
1402 1217 1507 1278 eandem

340 1325 487 1380 acmtsaat
515 1319 674 1399 adeptam:
705 1325 792 1379 tanta
820 1323 863 1378 est
891 1317 1036 1378 stultitiae
1065 1319 1269 1380 inconstantia
1291 1326 1379 1400 atquae
1398 1337 1507 1400 peno·-

340 1424 426 1484 sitas.
474 1432 576 1503 potest
600 1421 667 1482 fiori
692 1429 727 1482 ut
749 1420 818 1482 illos
840 1437 969 1498 versus,
995 1438 1130 1499 qnorum
1154 1422 1347 1502 interpretes
1369 1423 1434 1484 eius
1453 1441 1508 1482 ne·

340 1526 513 1599 mineram,
540 1526 571 1586 in
594 1525 698 1586 animo
721 1521 879 1585 hebuerit.

426 1628 504 1692 Cum
535 1629 581 1689 eis
609 1647 690 1709 quoe
714 1627 775 1688 vol.
794 1645 827 1687 ιιι
850 1646 883 1707 p.
904 1627 963 1688 400
993 1625 1101 1708 (novur)
1131 1645 1171 1688 ex
1194 1627 1327 1689 Maximo
1349 1627 1506 1690 confessore

339 1729 546 1812 proteruntur
573 1731 737 1812 conparari
766 1739 868 1811 potest
897 1728 1102 1809 proverbium
1131 1729 1216 1810 quod
1238 1741 1285 1792 est
1308 1731 1392 1813 apud
1414 1731 1508 1792 Demo-

339 1835 485 1897 sthenem
503 1837 532 1896 in
549 1835 685 1915 Aristog.
703 1853 713 1896 ι
730 1854 761 1915 p.
781 1833 843 1894 782
862 1833 900 1893 45
918 1834 967 1912 λλ,
991 1826 1069 1896 ἀλλὰ
1085 1826 1143 1917 μὴν
1158 1828 1226 1906 τούς
1241 1833 1419 1918 γευομένους
1432 1828 1506 1902 κύνας

338 1941 397 2001 τῶν
418 1933 576 2024 προβάτων
598 1930 794 2014 κατακόπτειν
816 1932 891 2022 φασί
916 1935 987 1999 δεῖν.

423 2043 490 2104 vot.
510 2061 538 2104 ιι
561 2063 593 2123 p.
615 2041 674 2104 tet
696 2039 783 2122 (cnr).
824 2059 952 2101 versum
969 2040 1054 2102 huno
1069 2040 1245 2122 Menandri,
1264 2035 1352 2104 οὐδὲν
1371 2037 1503 2106 πέπονθας
1562 2109 1563 2116 ς

338 2141 434 2209 δεινὸν
465 2137 501 2208 ἂν
532 2139 573 2229 μη
603 2147 768 2229 προσποιῇ,
802 2143 906 2224 paullo
938 2151 1090 2205 mutatum
1123 2143 1217 2206 hebet
1249 2144 1402 2206 iohannes
1424 2143 1504 2220 Chr>-
1562 2161 1563 2166 ¹

338 2258 491 2312 sostomus
514 2249 601 2311 ίίοιιι.
621 2267 693 2316 ιιιιιι
717 2269 747 2330 ρ.
767 2247 846 2326 774,
879 2235 1007 2309 ἄκουσον
1036 2242 1087 2308 ναί
1108 2249 1164 2310 τῶν
1186 2244 1298 2318 ἔξωθεν
1320 2250 1413 2311 ταῦτα
1432 2247 1504 2330 φιλο-

338 2345 509 2438 σοφούντων
532 2347 583 2415 καί
606 2347 752 2436 λεγόντων
781 2343 893 2413 “odiis
915 2345 1008 2413 κακὸν
1030 2348 1183 2422 πέπονθας
1204 2343 1258 2413 ἐὰν
1281 2345 1323 2435 μή
1345 2347 1504 2436 προσποιη.“’

424 2456 490 2517 Vol.
510 2474 538 2516 ιν
559 2476 592 2537 p.
612 2457 671 2516 nrt
695 2454 778 2537 (ιιι).
827 2473 953 2516 versum
980 2453 1083 2533 huno,
1117 2473 1210 2535 quem
1235 2473 1274 2516 ex
1299 2453 1396 2516 Cassii
1419 2452 1505 2514 Dionis

339 2559 472 2620 Historia
495 2557 610 2640 adfert,
636 2551 787 2644 ἀφύρητύς
809 2556 888 2621 ἐστιν
911 2551 1042 2644 εὐτυχῶν
1066 2555 1234 2642 μαστιγίας,
1253 2557 1426 2620 Μείιιελίιιε
1445 2553 1503 2614 dicit

338 2663 431 2724 etiam
461 2662 536 2724 alibi
566 2682 600 2724 se
630 2662 737 2741 legere
766 2661 960 2724 meminisse.
1007 2662 1126 2742 legitur
1147 2660 1233 2741 apud
1255 2659 1410 2722 isidorum
1432 2657 1504 2718 Pctu-

337 2765 649 2848 siotnanp.11297
673 2760 733 2829 εἶθ’
766 2755 811 2828 ‘dri
840 2761 892 2828 καί
922 2757 1118 2848 μνημονεύεις
1147 2762 1271 2828 ἐκείνων
1301 2765 1361 2828 τῶν
1390 2755 1504 2848 ἀρχαίων

335 2863 402 2955 περί
423 2871 482 2932 τῶν
504 2862 646 2932 τοιούτων
668 2867 843 2953 εἰρημένων,
879 2861 1030 2954 ἀφόρητος
1051 2861 1110 2953 γάρ
1132 2867 1211 2931 ἐστιν
1234 2859 1391 2953 εύπραχῶν
1414 2885 1503 2946 μασπ-

335 2970 418 3056 ηίας,
451 2967 502 3035 ναί
530 2965 575 3036 ‘dn
602 2965 636 3036 τὸ
668 2962 701 3035 εὖ
729 2965 867 3057 πράττειν
895 2965 978 3056 παρὰ
1005 2965 1059 3054 την
1090 2964 1174 3040 ἀξίαν
1206 2964 1329 3056 αἰφορμὴ
1352 2968 1503 3034 τοῦτοπῶς

336 3077 456 3161 φρονεῖν
484 3077 545 3148 τοῖς
576 3069 712 3160 ἀνοήτοις
740 3073 863 3160 γίνεται.
912 3076 1011 3136 altero
1041 3074 1196 3137 sententie
1225 3074 1442 3136 Demosthenis
1466 3077 1500 3128 cst

336 3181 464 3260 Olyntir.
483 3199 493 3241 ι
517 3177 603 3262 §dd

422 3282 572 3345 Libenius
594 3283 652 3363 Ep.
674 3283 733 3343 195
758 3283 836 3345 haec
858 3282 965 3362 hebet,
989 3272 1085 3352 ούδείς
1107 3273 1164 3366 γὰρ
1188 3275 1326 3343 ἐναντίαν
1343 3273 1438 3364 Ἱερίφ
1452 3269 1500 3356 θή

335 3407 420 3449 σεται
442 3387 484 3472 τῷ
506 3387 562 3449 τῶν
585 3383 638 3469 μὲν
662 3376 761 3449 ἄλλων
786 3383 939 3471 διαφέρειν
961 3378 1040 3447 κατὰ
1061 3385 1113 3468 τῆς
1133 3380 1314 3469 φιλοσοφίας
1329 3379 1432 3469 ἔρωτα,
1454 3380 1500 3441 τῶν

336 3483 367 3550 δ’
396 3479 435 3552 αθ
462 3483 705 3576 φιλοσοφούντων
732 3491 776 3574 τῷ
797 3488 914 3575 χαίρειν
937 3487 990 3551 ἐᾶν
1011 3489 1143 3571 πωχῶνα
1165 3479 1216 3549 ναί
1236 3483 1366 3572 τρίβωνα
1387 3481 1433 3548 ταί
1451 3481 1499 3566 βα-

336 3590 471 3678 κτηρίαν.
518 3593 678 3656 senarium
709 3592 935 3655 animadvertit
958 3592 1100 3654 wolfius.
1147 3599 1250 3671 potest
1278 3590 1386 3652 comici
1411 3593 1500 3668 poene

335 3695 434 3759 fuisse

1025 3795 1143 3884 χαίρειν
1166 3795 1219 3860 ἐᾶν

539 3903 672 3987 nos-(inm
693 3898 745 3966 ναί
766 3900 897 3988 τρίβωνα
919 3896 969 3966 καί
991 3899 1165 3988 βακτηρίαν.

420 4007 466 4068 tt.
504 4007 537 4068 ln
569 4009 728 4087 excerptis
758 4027 797 4068 ex
826 4005 907 4068 libro
931 4003 1048 4087 Polybii
1066 4023 1101 4066 xx
1124 4005 1231 4086 oapi
1255 4023 1287 4086 p.
1307 4003 1367 4064 905
1384 3996 1494 4062 otest.

334 4105 386 4192 [p.
406 4107 667 4193 taeneotica]
683 4111 761 4172 haec
783 4119 965 4189 narrentur,
990 4107 1019 4171 οί
1043 4103 1071 4170 δ’
1093 4103 1224 4171 Αἰτωλοί
1246 4101 1298 4171 καί
1318 4103 1407 4170 πλείω
1425 4095 1496 4182 λόγον

332 4207 530 4297 ποιησάμενοι
557 4207 624 4298 περί
650 4216 709 4276 τῶν
733 4205 952 4277 ὑποπιπτόντων
975 4208 1096 4297 ἔκριναν
1119 4205 1339 4297 ἐπιτρέπειν
1308 4233 1345 4274 τα
1365 4201 1417 4273 αλα
1437 4197 1495 4266 Mt·

333 4314 399 4402 νίιρ,
425 4309 579 4388 δύντες
547 4309 655 4387 αυτούς
677 4311 773 4388 εἰς
740 4339 794 4401 την
811 4311 974 4400 Ρωμαίων
996 4308 1159 4396 πίστιν,’
1129 4337 1184 4380 ουκ
1207 4307 1319 4386 εἰδότες
1340 4311 1400 4377 ιίνα
1418 4301 1493 4372 θύνν-

334 4443 382 4502 μιν
405 4417 471 4506 ἔχει
492 4443 588 4500 τουτο,
614 4422 657 4505 τῷ
680 4416 768 4482 δὲ
735 4443 788 4504 της
809 4417 934 4490 πίστεως
955 4412 1081 4502 ὂνύματι
1101 4417 1322 4504 πλανηθέντες,
1338 4411 1385 4487 ὡς
1406 4405 1436 4476 ἂν
1454 4399 1491 4468 διὰ

331 4525 418 4586 τοῦτο
446 4521 559 4609 λειοτέρ
561 4546 597 4587 ου
627 4520 726 4609 σφίσιν
756 4521 844 4587 ἐλέου
866 4516 1052 4608 υπαίρξοντος.
1099 4523 1266 4598 ίλείελίιιε,
1298 4539 1396 4601 equo
1418 4495 1490 4577 ntro*
