3178 5136
343 375 415 446 572
459 369 462 376 ¹
747 389 788 448 Ex
811 407 908 450 naara
932 390 1127 450 Brrorrnansr

340 575 428 638 cradi
445 586 549 658 potest
564 575 605 638 ab
620 577 772 658 Eutropio
788 595 858 639 esse
874 577 1028 658 scriptum
1045 596 1108 658 quo
1124 577 1267 656 apertius
1283 586 1332 638 cst
1347 571 1506 658 Τκοτόβολον

340 679 425 759 quod
447 678 534 761 apud
557 681 727 742 Paeonium
750 679 867 760 legitur
893 679 974 742 nihil
996 699 1067 742 esse
1096 679 1183 744 aliud
1205 697 1300 759 quarn
1323 671 1507 742 Tumultu-

341 777 429 846 toll.
477 783 583 863 itaque
606 783 772 864 scripsisse
795 783 967 865 Eutropius
990 782 1152 864 putandus
1180 793 1229 846 cst
1254 781 1453 844 Teutobodum.
1483 781 1508 840 in

340 885 443 947 Orosii
467 885 547 948 Hist.
573 905 590 946 ι
614 885 653 946 46
677 885 851 950 llediceum
875 885 993 948 librum
1024 885 1144 948 babere
1172 885 1367 950 tarrloduobus
1390 883 1509 946 Halmius

340 987 432 1050 docet
453 988 555 1069 praei.
581 989 614 1050 in
636 988 760 1051 Florum
772 1008 804 1069 p.
823 1008 872 1068 ιι,
897 988 984 1070 apud
998 990 1122 1052 Florum
1148 989 1214 1052 raa
1234 989 1271 1048 40
1289 987 1510 1067 bambergensis

341 1090 437 1153 habet
460 1099 538 1154 teuto
560 1099 696 1155 coculam
731 1093 831 1154 latere
854 1093 888 1154 in
911 1092 962 1153 his
984 1093 1134 1154 monstris
1158 1091 1287 1154 videtur
1313 1089 1509 1163 Tauoboduur,

342 1212 423 1274 quae
446 1195 618 1258 iustissima
641 1195 779 1256 nominis
803 1192 901 1256 lorma
925 1204 984 1258 est.

427 1297 599 1378 Eutropius
615 1316 643 1360 ιι
661 1297 700 1358 22
724 1305 812 1378 capre
834 1304 869 1360 ut
882 1315 931 1361 eos
946 1299 1037 1360 ulam
1052 1297 1208 1378 adpinum
1221 1301 1425 1379 eouiuupuu,
1449 1295 1513 1354 Gou-

340 1403 471 1462 stcutius
491 1403 669 1484 priuipuum
690 1400 818 1462 Herculi
843 1400 1027 1464 Theodoram
1049 1401 1162 1481 accepit
1184 1407 1238 1462 ele.
1271 1397 1356 1460 liber
1370 1399 1514 1460 Gothanus

341 1502 437 1564 babet
459 1511 547 1584 alpia
569 1521 629 1578 eos,
653 1521 716 1564 non
739 1500 848 1564 addito
870 1509 914 1564 ut.
962 1503 1036 1565 binc
1059 1503 1219 1565 Hartelius
1240 1501 1444 1564 scribendum
1457 1519 1515 1562 csse

342 1607 474 1668 coniecit
496 1614 525 1668 et
545 1623 602 1687 quo
624 1623 685 1668 eos.
733 1605 855 1695 minore
877 1605 1002 1686 negotio
1026 1605 1205 1669 scribemus
1227 1611 1318 1686 murra
1339 1622 1400 1666 eos.

427 1711 515 1771 LXX.
548 1709 583 1770 ln
599 1705 795 1789 praefatione
811 1707 928 1770 Indicis
950 1708 1120 1771 lectionum
1145 1708 1219 1770 inde
1241 1707 1327 1770 adio
1350 1725 1399 1768 ιιι
1414 1706 1517 1768 mensis

340 1811 486 1874 Octobris
508 1811 583 1873 anni
600 1829 762 1873 nnccotxxr
782 1811 920 1873 Berolini
944 1811 1164 1875 habendarum
1187 1811 1341 1891 colloquia
1367 1829 1429 1872 non
1444 1808 1516 1870 nulle

339 1915 459 1976 Graeca
483 1924 514 1977 et
528 1916 636 1976 Latina
660 1912 749 1975 edidi
772 1923 804 1976 et
819 1923 973 1995 quantum
989 1931 1068 1994 opus
1083 1933 1152 1977 esse
1169 1912 1341 1977 videbatur
1358 1911 1515 1993 explicavi.

340 2019 490 2098 ingerunt
512 2036 563 2080 me
586 2014 668 2080 duae
693 2035 754 2095 res,
780 2016 820 2079 de
844 2015 965 2097 quibus
988 2035 1074 2080 nunc
1096 2017 1210 2078 dicam.

426 2121 457 2182 P.
484 2119 502 2179 7
525 2139 556 2180 v.
581 2120 621 2181 29
645 2117 694 2202 [11
707 2121 771 2182 447
795 2117 858 2204 42]
881 2128 1134 2183 commemoratur
1163 2118 1315 2181 balineum
1341 2117 1515 2202 Tipillinunr.

340 2221 496 2285 debebam
518 2221 701 2286 adscribere
724 2241 807 2303 quae
829 2223 979 2285 Martialis
1002 2221 1079 2284 dicit
1102 2241 1136 2285 ru
1153 2223 1191 2284 20
1212 2221 1261 2300 45,
1290 2223 1389 2284 Tiliue
1410 2221 1518 2284 tleruis

339 2345 381 2387 ou
403 2325 530 2388 iuuatur
551 2322 706 2408 Aprippoe
728 2322 776 2388 Au
800 2325 937 2407 inpudici
957 2325 1064 2388 beluae
1091 2325 1246 2409 Tipilliui?
1268 2334 1340 2386 nota
1367 2336 1415 2387 est
1437 2326 1519 2404 inpu-

341 2427 449 2490 dicitia
472 2426 623 2509 Sophonii
647 2427 805 2508 Tigellini.
853 2429 885 2490 in
915 2429 1043 2490 nomine
1066 2401 1211 2510 Tigellini
1241 2428 1339 2490 altera
1372 2426 1519 2510 syllabae

341 2529 437 2592 habet
459 2531 544 2611 apud
568 2531 710 2594 Cassium
733 2531 865 2593 Dionem
895 2541 926 2594 et
955 2533 987 2594 in
1012 2533 1289 2616 luvenalisrsatira
1314 2532 1325 2591 4
1358 2551 1390 2594 v.
1418 2531 1520 2606 aaut

339 2634 491 2715 scriptum
515 2643 562 2696 est
586 2643 712 2714 praeter
741 2634 893 2716 colloquia
924 2645 956 2696 et
984 2635 1082 2698 libros
1104 2635 1254 2698 Martialis
1284 2637 1317 2697 in
1348 2633 1473 2696 scholiis
1492 2633 1517 2692 in

339 2736 519 2799 iuvenalem
549 2748 580 2798 et
609 2738 642 2798 in
667 2737 799 2798 vetustis
828 2737 1065 2819 exemplaribus
1088 2740 1230 2802 Suetonii
1260 2748 1291 2800 et
1320 2737 1440 2815 Taciti,
1468 2736 1518 2796 nisi

339 2839 424 2920 quod
446 2839 547 2902 codex
568 2839 737 2901 Annalium
761 2842 872 2918 semel,
898 2859 946 2900 ιιι
972 2843 1022 2920 4-8,
1049 2841 1186 2924 tipelleui
1208 2839 1313 2902 habet.

426 2945 457 3004 P.
485 2946 514 3004 9.
542 2962 571 3003 ι.
591 2943 629 3002 48
653 2941 738 3024 [449
761 2940 825 3025 244]
861 2935 972 3026 κοπτήν
1003 2944 1157 3006 Graecum
1187 2945 1295 3006 Latino
1326 2943 1518 3006 Gelouicuum

341 3045 498 3108 redditur.
546 3045 586 3108 de
610 3065 672 3126 quo
695 3065 766 3108 cunr
789 3045 930 3107 dicerem
954 3065 1015 3108 non
1040 3049 1247 3109 memineram
1272 3066 1321 3108 me
1344 3045 1432 3128 apud
1446 3043 1520 3106 Alci-

338 3149 492 3229 phronem
518 3168 526 3208 ι
549 3151 589 3210 22
615 3149 693 3210 haec
720 3149 852 3228 legisse,
888 3147 1047 3233 παρέκειτο
1071 3146 1124 3232 μὲν
1157 3143 1228 3233 ἡμῖν
1262 3142 1278 3212 b
1312 3145 1449 3219 Γέλωνος
1477 3147 1519 3208 roi

340 3244 521 3314 Σικελιώτου
542 3253 675 3321 πλακοῦς
696 3248 862 3334 ἐπώνυμος.
896 3252 1026 3332 protulit
1043 3252 1086 3313 ibi
1102 3253 1276 3316 Meinekius
1292 3251 1380 3332 quod
1397 3249 1519 3332 epistula

340 3357 373 3415 in
397 3355 538 3416 Crameri
560 3352 730 3416 Anecdotis
751 3354 988 3417 Oxoniensibus
1010 3365 1033 3416 t.
1052 3373 1085 3416 ιιι
1108 3376 1141 3437 p.
1165 3355 1221 3414 468
1246 3354 1447 3436 suppeditat,
1476 3345 1516 3412 τὸν

340 3443 533 3540 σήσαμοῦντα
556 3449 692 3541 εὖρήοεις
712 3457 846 3521 ἐνταῦθα
869 3452 919 3520 καὶ
939 3452 990 3520 τὸν
1007 3451 1170 3521 salutatos
1193 3459 1367 3520 πλακοῦντα
1383 3452 1434 3520 καὶ
1454 3448 1518 3522 ὅλος

338 3555 391 3644 rip
416 3553 612 3645 Κλεοπάτρας
634 3554 677 3622 ἐπ’
700 3555 846 3645 Ἀντωνίῳ
868 3559 1012 3624 ἑστίασιν.
1053 3561 1205 3641 epistulas
1228 3559 1298 3622 illas
1325 3558 1518 3622 Boissonadns

341 3666 372 3725 in
395 3662 567 3725 Anecdotis
590 3667 679 3724 novis
705 3685 733 3744 p.
754 3667 794 3724 85
818 3665 960 3726 Michaeli
986 3666 1084 3726 Psalle
1107 3651 1239 3726 tribuli.

297 3787 326 3830 rs
425 3767 528 3827 LXXI.
576 3768 774 3847 Epigramma
812 3767 842 3829 in
872 3766 1058 3847 anthologia
1091 3767 1265 3834 Burmanni
1295 3783 1330 3827 ιιι
1352 3765 1394 3826 67
1424 3761 1518 3846 [iliam

338 3871 401 3932 407
425 3888 454 3930 u.
481 3867 537 3952 5.]

467 3975 606 4055 Iupeutes
628 3973 763 4034 domiuus
787 3981 814 4034 et
833 3972 936 4054 tbmue
957 3975 1081 4034 uomina
1103 3973 1208 4034 clarite

517 4074 700 4157 inlustrique
720 4093 832 4158 procu
853 4075 1007 4138 nobilitate
1029 4079 1131 4138 domos

468 4178 569 4240 deuito
592 4186 620 4240 ct
641 4179 726 4260 louge
748 4181 838 4240 uiuus
860 4179 933 4256 cole,
958 4177 1102 4242 contraire
1124 4179 1192 4240 uelo

516 4288 544 4342 ct
565 4289 592 4343 te
615 4279 766 4343 littoribus
789 4280 894 4362 cymba
914 4283 1090 4363 propinquo
1112 4280 1209 4342 velot

341 4385 540 4446 Burmannus
555 4384 617 4448 cole
633 4385 666 4446 in
679 4382 753 4466 supe
769 4385 912 4463 mutavit,
931 4383 1016 4464 quod
1037 4383 1117 4444 nihil
1134 4383 1272 4464 prodest,
1297 4401 1370 4444 oum
1388 4383 1516 4460 ineptum

341 4496 501 4548 remaneat
525 4488 624 4549 uiuus.
672 4505 777 4566 neque
800 4486 871 4548 aliis
893 4486 1007 4548 melius
1030 4487 1126 4548 cessit
1155 4483 1347 4548 emendatio.
1388 4481 1517 4546 scriben-
