3178 5136
606 383 709 444 Venis.
1179 369 1253 442 533

271 589 355 654 astos,
381 572 537 646 Faustae·
561 571 637 647 tta,
662 572 766 652 quales
788 571 844 633 tibi
863 574 958 633 Rama
980 573 1106 652 rapinas

314 672 448 736 abstulit.

71 779 169 842 idest
191 779 298 858 qualia
319 777 378 839 tibi
402 776 484 840 boae
506 764 647 856 aripuitl

148 881 253 944 XCIII.
277 879 420 942 AvIenus
443 881 477 942 io
501 880 727 942 Pboou-omanis
750 897 778 940 v.
795 879 836 940 37
1262 908 1309 955 tes

271 985 360 1046 ubas
383 983 434 1044 ate
455 984 533 1044 aaut
550 981 679 1062 pulcher
701 981 823 1060 alteras,
849 983 915 1045 alta
935 992 970 1045 at
990 982 1128 1046 hebescat

269 1093 356 1148 term
376 1086 458 1168 pala,
482 1102 538 1147 aer
559 1094 595 1150 ut
615 1085 737 1148 blandis
760 1085 904 1149 mntem
923 1089 1020 1161 mels,

262 1189 485 1270 palumteata
506 1189 561 1250 alti
581 1188 720 1252 tellurem
741 1197 777 1250 at
797 1196 914 1252 amat
935 1198 1037 1256 aestas

270 1299 299 1354 et
318 1293 429 1375 pravas
449 1294 592 1354 metuam
612 1292 718 1354 redeat
736 1292 843 1373 semro
861 1295 1012 1374 parastis.

68 1395 269 1459 sosibeudum
298 1405 347 1458 est
376 1414 434 1458 aa·
453 1403 488 1458 ut
516 1395 637 1458 blateolis
661 1395 805 1458 osb-ideal
831 1396 927 1462 auris.
978 1397 1143 1460 Lucretius
1165 1415 1187 1458 ιι
1210 1396 1252 1458 32

68 1508 223 1582 aapestas
253 1499 385 1564 motta.
432 1498 517 1562 idem
541 1518 550 1560 ι
575 1499 609 1559 tt
637 1517 711 1560 eam
739 1500 832 1561 estaol
861 1518 898 1562 ao
930 1501 1044 1581 speeies
1071 1499 1255 1581 patefactast

67 1621 159 1664 vano
181 1603 244 1666 diei
264 1604 302 1665 Et
322 1609 463 1664 reserata
485 1603 565 1684 vipet
585 1601 757 1685 penitebitls
779 1621 863 1664 aera
881 1601 1002 1683 favoni.

148 1707 185 1768 V.
212 1707 286 1766 900.
333 1705 440 1767 altam
463 1705 640 1768 camelam
662 1712 833 1767 sustentant
855 1707 979 1788 oparata
1000 1723 1128 1768 cortem

334 1809 400 1870 ales
421 1817 456 1871 ut
477 1809 591 1870 alena
607 1805 708 1889 fodiat
729 1826 811 1890 aapa
833 1812 953 1871 viscera
975 1815 1087 1872 rastro.

68 1912 155 1974 nihili
177 1921 257 1975 suut
277 1930 359 1995 vapa
380 1914 511 1974 uiscera.
558 1910 665 1972 scribe
688 1930 777 1973 aava.
1071 1926 1075 1938 ¹

147 2017 186 2078 V.
214 2016 308 2078 ⁴292.
333 2014 387 2078 boo
409 2033 474 2076 aaa
496 2015 614 2078 caelata
635 2013 717 2076 subit
738 2015 864 2096 telepte,
889 2014 974 2076 laad
996 2033 1084 2078 reses
1105 2017 1169 2078 allo

334 2119 460 2180 viscere
481 2119 635 2180 nasama
657 2133 739 2179 aava
761 2119 848 2180 mari
862 2117 975 2180 deseret
996 2125 1096 2180 astra.

68 2223 106 2283 ite
134 2223 214 2284 baeo
247 2219 419 2283 seribende
447 2230 533 2282 sunt.
585 2220 749 2301 exemplar
769 2221 926 2283 Venetam
960 2209 1051 2283 anni'
1066 2240 1255 2284 messmam

69 2324 160 2386 babet
181 2325 267 2386 baad
289 2343 339 2386 res
361 2325 442 2399 allo,
470 2332 566 2386 votus
588 2322 672 2386 liber
694 2325 850 2405 scriptus,
882 2324 923 2387 de
942 2334 1009 2405 'quo
1037 2325 1116 2388 elias
1136 2324 1251 2403 dIoem,

67 2427 146 2490 baad
167 2446 236 2490 ress
258 2427 332 2489 allo.
398 2438 465 2489 tum
489 2427 523 2487 in
545 2436 682 2507 utroque
711 2429 836 2488 Visoesa
856 2437 916 2488 est.

147 2531 252 2594 xclv.
284 2529 441 2611 ApuIeius
470 2531 503 2590 in
527 2527 770 2610 Apologiaeap.
789 2527 828 2590 Sl
854 2530 895 2590 ad
924 2531 1043 2592 litteras
1058 2531 1256 2594 ‘Pudentillae

65 2635 262 2713 provocastis.
310 2633 419 2694 tltterts
441 2626 540 2694 eabae.
588 2649 721 2712 amram
755 2633 784 2693 sl
812 2633 906 2694 vultu
942 2639 1114 2694 eatremam
1140 2652 1256 2716 qaoque

67 2738 235 2799 clausulam
258 2736 383 2813 audire,
415 2753 476 2796 aaa
507 2734 669 2796 iasa'rlebo.¹
705 2749 768 2795 non
797 2743 903 2814 potest
933 2736 1042 2796 littaris
1072 2739 1255 2816 pronomine

68 2859 182 2902 carere.
237 2837 323 2919 quod
353 2840 569 2918 reciperemus
598 2839 624 2898 si
655 2836 827 2899 scribimus
856 2837 897 2899 ad
927 2837 1045 2900 litteras
1069 2838 1256 2901 stodeatsllae

68 2962 227 3022 provoces.
276 2941 344 3004 istis
374 2941 484 3003 litteris
515 2943 614 3002 viaco.
677 2931 843 3002 adlocutus
877 2939 969 3002 modo
1003 2949 1072 3002 erat
1100 2939 1256 3022 ApuleIus

73 3045 232 3108 Rufinum.

148 3149 239 3210 XCV.
279 3149 312 3208 In
336 3148 501 3210 ltInererio
515 3143 689 3208 Alexandri
712 3148 810 3209 multe
834 3147 962 3226 egregIe
986 3149 1127 3209 correxit
1146 3146 1257 3210 Iride-

69 3252 148 3314 rious
164 3252 297 3314 IIeasius
314 3251 347 3312 in
362 3249 633 3312 miscellaneorum
650 3250 910 3330 philologioorum
925 3249 1008 3311 libro
1030 3251 1141 3330 altero,
1160 3270 1255 3331 quem

68 3355 273 3418 Iretisleviae
303 3373 385 3415 enno
414 3370 587 3414 nooosvm
619 3351 730 3416 edidit.
777 3354 822 3414 ite
851 3371 923 3415 oum
956 3355 1110 3434 seriptum
1134 3363 1256 3416 esseta

71 3458 144 3519 bloio
166 3478 237 3539 aap.
257 3459 275 3518 I
300 3457 351 3519 ille
372 3455 432 3518 sibl
452 3456 511 3518 soll
529 3456 637 3518 vaisse
652 3456 803 3537 ploriatas
816 3455 977 3538 saetasque
999 3458 1032 3517 la
1054 3457 1165 3518 amicos
1189 3475 1258 3518 sae-

72 3563 216 3644 olorque
236 3560 357 3641 salleio-r
376 3559 483 3640 senata
505 3561 660 3637 statariae,
687 3559 795 3621 callalt
816 3558 851 3620 ob
867 3559 898 3620 to
913 3561 1122 3631 tumultuatos,
1149 3561 1182 3622 in
1205 3579 1259 3620 oo-

74 3663 140 3727 diae
169 3674 276 3737 autem
311 3663 512 3726 tumultuatus
542 3679 611 3724 esse
634 3661 719 3724 idem
743 3661 887 3740 disiisset,
923 3661 1067 3742 perbene
1101 3662 1257 3724 intellexit

71 3766 274 3830 scribendum
297 3785 366 3828 esse
389 3763 461 3826 obiit
482 3765 673 3826 temulentas.
711 3763 784 3826 vide
800 3783 882 3845 quae
905 3783 975 3844 cap.
995 3766 1056 3825 ll8
1073 3775 1255 3827 narrentur.

72 3869 124 3932 sed
147 3872 267 3932 erravit
289 3889 361 3932 oum
385 3867 524 3930 scribere
546 3868 643 3928 vellet
669 3867 777 3948 fracta
799 3869 943 3930 victoriae
966 3869 1078 3930 caluit.-
1108 3887 1180 3929 nam
1205 3887 1258 3930 re·

73 3972 267 4036 stituendum
290 3973 429 4034 estsine
453 3969 650 4034 dubitatione
673 3972 785 4032 caruit.

153 4076 257 4138 XCVI.
284 4077 318 4137 In
340 4074 468 4136 soboliis
489 4073 705 4136 Beruensibus
734 4073 774 4135 ad
796 4075 912 4135 Luoeni
936 4093 958 4133 u
981 4075 999 4134 ἲ
1024 4083 1094 4154 post
1116 4073 1177 4135 alia
1202 4075 1260 4135 boo

74 4177 264 4261 adscriptum
287 4189 346 4258 est,
372 4177 451 4259 quod
474 4178 705 4259 aanaalssimas
724 4185 815 4257 poeta
836 4176 981 4256 adfirmt
1002 4176 1104 4239 (liaeus
1132 4177 1260 4239 ‘natura

74 4290 214 4345 naturam
236 4283 333 4344 oleat
353 4289 381 4343 et
403 4281 448 4342 dil
468 4279 561 4342 deos!
605 4290 751 4343 vetamur
773 4278 814 4340 ab
834 4281 974 4342 Usenero
998 4289 1123 4361 poetam
1146 4282 1259 4342 existi-

73 4403 153 4446 mare
170 4386 326 4447 latinum.
366 4402 481 4446 vereor
503 4403 543 4446 ne
566 4393 695 4464 praeter
717 4401 790 4444 eum
812 4400 921 4444 omnes
944 4383 976 4443 in
1000 4383 1134 4445 vetitum
1157 4384 1256 4444 nisuri

75 4488 145 4550 sint.
192 4489 379 4552 manifestus
412 4497 460 4549 est
493 4487 578 4550 euim
602 4504 717 4548 versus
748 4485 894 4548 senarius
916 4483 1081 4548 veteribus
1116 4488 1258 4547 numeris
