3178 5136
355 361 427 434 518
747 377 790 436 Ex
814 395 909 438 oanni
932 378 1139 437 Bnnottsrnsr.

353 585 415 626 non
446 576 492 626 est
522 563 667 627 dubium.
714 565 865 626 accedere
905 565 1001 644 igitur
1038 564 1165 626 videtur
1197 559 1381 648 Ἰναριυνίνη
1411 563 1446 625 ad
1471 583 1512 624 eas

353 669 638 748 patronymicorum
669 667 783 730 lormas
812 667 852 728 de
886 667 1004 746 quibus
1033 679 1103 748 post
1131 667 1369 730 Valckenarium
1401 667 1512 728 Naehius

351 771 411 852 Op.
431 782 453 832 t.
473 790 492 831 u
510 792 542 852 p.
565 772 600 832 tt
625 770 718 832 dixit.
765 791 782 832 a
805 789 867 850 quo
896 769 981 851 quod
1010 769 1154 832 adfertur
1176 773 1347 851 Neptuniae
1367 769 1511 832 delendum

351 885 415 935 est:
447 893 519 936 nam
542 873 617 935 olim
641 874 760 936 Catullo
783 892 875 935 suum
900 872 1027 934 reddidi
1051 875 1190 952 heccine,
1217 893 1323 954 neque
1346 872 1377 935 id
1398 893 1414 934 a
1435 871 1512 934 libra·

353 977 408 1038 riis
433 996 563 1056 prorsus
584 976 800 1038 oblitteratum
825 985 903 1038 erat.
939 977 1038 1037 nihilo
1055 987 1161 1038 tamen
1185 977 1291 1038 minus
1315 995 1414 1056 nuper
1434 975 1512 1037 estitit

351 1081 405 1160 qui
429 1099 543 1141 nomeu
568 1090 598 1140 et
622 1077 798 1141 inauditum
823 1090 853 1140 et
877 1078 1047 1159 hybridum
1071 1089 1102 1141 et
1130 1099 1149 1140 a
1172 1079 1284 1141 Catulli
1309 1080 1442 1140 carmine
1462 1080 1514 1157 ipsa

349 1175 577 1262 significatione
614 1183 752 1244 alienum
790 1183 954 1262 nugatorie
991 1181 1188 1245 defenderet.
1243 1181 1301 1244 sed
1338 1183 1514 1243 Parthenium

351 1287 528 1348 Meinekius
559 1286 627 1347 iure
645 1303 719 1345 non
749 1284 886 1347 credidit
920 1286 1016 1346 ritem
1041 1286 1091 1347 vel
1116 1303 1207 1346 uvam
1231 1283 1348 1346 dixisse
1370 1285 1514 1364 Erigonae,

350 1390 398 1451 cui
424 1390 528 1469 potius
551 1387 622 1449 odio
646 1388 717 1449 illae
747 1388 866 1450 luerint
895 1407 935 1449 ex
958 1386 1081 1450 fabulae
1112 1389 1243 1450 ratione.
1292 1389 1339 1448 eis
1361 1406 1437 1468 quae
1456 1406 1517 1467 pro-

351 1503 458 1572 pterea
496 1493 601 1554 attulit
638 1493 739 1552 Nonni
778 1489 861 1551 addo
897 1509 1010 1551 versus
1040 1491 1260 1568 xtr11256SS.,
1288 1483 1364 1561 Ζείις
1387 1487 1419 1552 δὲ
1438 1485 1517 1572 πατὴρ

350 1594 495 1679 ἐλέαιρεν,
529 1594 560 1656 ἐν
588 1587 757 1679 ἀστερόεντι
788 1589 821 1656 δὲ
843 1586 945 1678 κόκλιρ
963 1586 1122 1676 Ἠριγόνην
1152 1587 1269 1678 στήριξε
1297 1591 1432 1678 λεοντείιρ
1450 1588 1519 1675 παρὰ

350 1691 447 1784 νυότιρ.
477 1692 651 1781 Παρθενινιή
676 1692 704 1758 δ’
732 1688 882 1781 ἄγραυλος
905 1693 972 1781 ἔχει
988 1690 1118 1780 στάχυν·
1142 1690 1177 1758 od
1200 1692 1258 1781 γὰρ
1280 1691 1391 1781 ἀείρειν
1405 1687 1519 1760 *litata

349 1797 455 1865 οἴνοπα
478 1795 596 1885 βότρυν,
621 1800 672 1863 ἑοῦ
695 1800 818 1884 γενέταο
842 1803 952 1884 φονηα.
983 1800 1089 1879 itaque
1112 1811 1187 1880 puto
1209 1819 1286 1862 sane
1302 1802 1518 1882 grammaticum

350 1906 382 1966 iu
407 1904 618 1985 excerpendis
633 1905 792 1966 Parthenii
817 1901 926 1964 verbis
949 1901 1046 1964 luisse
1062 1903 1333 1982 neglegentiorem
1349 1915 1438 1984 atque
1453 1905 1520 1964 omi-

350 2010 428 2070 sisse
452 2008 537 2087 quod
560 2009 736 2070 necessario
765 2017 833 2068 erat
855 2004 1050 2066 addendum.
1098 2016 1329 2085 potestantem
1352 2007 1521 2067 Parthenius

352 2110 531 2172 huiusmodi
558 2109 678 2190 aliquid
710 2109 894 2188 scripsisse,
930 2102 1029 2190 μίσηρί
1062 2101 1239 2193 αόροσχοίδα
1268 2101 1372 2193 βότρυν
1392 2103 1520 2192 'laepia-

349 2212 441 2296 νίνης.

441 2317 542 2376 LXIX.
589 2317 757 2397 Dionysius
781 2315 1066 2376 halicarnassensis
1089 2315 1120 2375 in
1145 2316 1311 2396 Excerptis
1326 2313 1525 2376 ambrosianis
1579 2339 1580 2370 τ

348 2433 371 2481 t.
391 2439 419 2480 ιν
436 2441 467 2500 p.
488 2421 594 2480 β69Κ.
620 2415 652 2481 τὸ
677 2415 729 2500 μὲν
753 2407 864 2501 ἄπορον
886 2415 1012 2502 πλῆθος,
1041 2409 1066 2504 ᾦ
1088 2419 1190 2483 καλῶν
1205 2414 1261 2479 καί
1279 2416 1402 2482 δικαίων
1417 2413 1522 2502 φροντίς

347 2514 383 2607 ἦν
407 2518 550 2606 οὐδεμία,
582 2517 811 2605 παρακρουσίλὲν
844 2514 900 2584 ὑπὸ
924 2520 1069 2584 Σαυνίτου
1092 2517 1170 2592 τινός
1199 2520 1242 2591 είς
1271 2517 1305 2584 τὸ
1335 2516 1405 2584 αὐτὸ
1427 2520 1523 2604 eurip-

289 2649 446 2712 ιτεχεται.
471 2621 576 2690 καὶτὸ
601 2623 653 2707 μὲν
675 2625 792 2709 πρῶτον
815 2619 863 2686 ἐπί
885 2625 946 2696 τοῖς
968 2615 1067 2709 όρεοιν
1091 2615 1241 2710 όίηραυλον
1264 2614 1322 2686 ιιιιίΙ
1345 2623 1464 2687 πλείονα
1484 2617 1523 2686 τόν

347 2727 410 2813 βίον
434 2725 525 2814 εἶχεν,
552 2725 617 2791 ἐπεὶ
640 2725 674 2790 δὲ
695 2727 797 2790 πλεῖον
820 2719 879 2810 ἤδη
903 2725 955 2790 καί
979 2723 1143 2813 ἀξιόμαχον
1164 2722 1264 2791 ἐδόκει
1286 2727 1452 2811 γεγονέναι,
1473 2722 1522 2790 πό·

346 2833 392 2896 λιν
415 2828 526 2918 ἐχυρὰν
549 2825 830 2916 καταλαμβάνεται,
863 2823 935 2894 ὅθεν
965 2825 1138 2915 όρμυόρενον
1168 2829 1304 2914 ἐληίζετο
1331 2833 1436 2912 (ἰαιαιο
1457 2827 1522 2914 ἐλη-
1578 2861 1579 2908 l

347 2937 422 3018 ζετο)
450 2939 548 2998 πᾶσαν
571 2931 625 3018 τὴν
648 2929 751 3020 adalp
772 2928 889 3018 χώραν.
930 2936 1020 2996 nihili
1052 2945 1100 2996 est
1128 2930 1179 2998 καί
1207 2933 1332 2998 πλείονα
1362 2934 1445 3016 quod
1466 2947 1522 3015 post

347 3029 497 3124 ἄγραυλον
527 3041 678 3118 scriptum
704 3049 769 3099 est:
810 3037 867 3099 sed
897 3057 1003 3117 neque
1028 3040 1147 3100 Struvii
1177 3033 1227 3101 καί
1251 3037 1357 3122 μείονα
1379 3037 1523 3100 laudabile

319 3203 323 3216 ,
347 3152 394 3202 est
416 3160 521 3221 neque
546 3142 644 3221 magis
666 3140 794 3221 probari
817 3151 920 3221 potest
944 3140 1028 3221 quod
1053 3142 1241 3221 Kiesslingio
1257 3141 1385 3203 videtur
1408 3142 1522 3204 fortasse

347 3244 446 3305 latere
468 3240 520 3305 καί
542 3237 633 3306 λιτόν.
682 3263 752 3305 cum
775 3254 880 3305 autem
912 3233 1062 3327 ἄγραυλον
1086 3243 1219 3306 verbum
1246 3246 1287 3304 sit
1309 3245 1412 3324 poetis
1434 3245 1521 3324 potins

346 3365 441 3426 quam
464 3346 673 3428 scriptoribus
696 3348 845 3408 usitatum
870 3366 975 3427 neque
1005 3346 1145 3409 dubitari
1174 3367 1265 3426 posse
1289 3346 1438 3409 videatur
1458 3347 1521 3426 quio

345 3451 513 3530 Dionysius
535 3461 658 3512 servato
693 3449 805 3511 eodem
835 3448 963 3513 dicendi
994 3451 1095 3512 colore
1126 3470 1197 3511 cum
1229 3461 1291 3512 tam
1322 3451 1438 3532 insigni
1462 3467 1522 3509 roca

344 3554 436 3614 aliam
460 3555 661 3616 coniunxerit
679 3550 762 3614 haud
779 3552 978 3631 dissimilem,
1004 3554 1171 3634 scripsisse
1187 3574 1260 3615 eum
1277 3555 1397 3614 conicio
1421 3544 1521 3636 ἄγραυ-

345 3657 396 3717 λον
420 3653 471 3718 καί
493 3649 633 3739 ἀληρονα
656 3650 705 3718 τὸν
728 3653 791 3739 βίον
815 3652 906 3740 εἶχεν.
942 3658 1078 3736 scriptor
1101 3657 1210 3737 Cynici
1235 3659 1368 3718 Luciano
1393 3653 1520 3718 attributi

345 3779 413 3838 cap.
436 3760 446 3818 l
476 3761 620 3840 aliusque
644 3758 729 3839 apud
753 3757 873 3820 Suidan
897 3761 929 3820 in
954 3753 1066 3842 ἀλῆται
1088 3759 1241 3822 dixerunt
1263 3753 1377 3841 ἀλήτην
1403 3758 1473 3843 βίον.

432 3865 519 3924 Lxx.
567 3861 743 3924 Onosandri
767 3881 882 3924 nomen
906 3863 1020 3924 Suidas
1036 3861 1154 3925 dicitur
1172 3863 1309 3924 firmare.
1335 3863 1417 3924 nihil
1437 3861 1519 3922 firmat
1576 3845 1577 3900 l

344 3964 431 4026 aliud
454 3985 548 4044 quam
573 3966 626 4027 illa
650 3967 713 4026 iam
735 3975 838 4026 aetate
861 3963 1033 4045 depravata
1057 3964 1155 4026 luisse
1183 3967 1215 4026 in
1239 3985 1276 4026 eo
1300 3966 1427 4026 nomine
1449 3965 1521 4024 Stra·

344 4069 437 4146 tegici
461 4069 665 4149 exemplaria.
701 4086 806 4147 neque
821 4078 876 4129 aut
891 4068 1005 4131 Suidas
1020 4069 1136 4149 aliquis
1152 4077 1206 4130 aut
1230 4066 1432 4130 librariorum
1448 4079 1521 4126 error

345 4167 470 4231 firmare
492 4179 596 4250 potest
618 4169 702 4250 quod
725 4171 886 4250 analogiae
910 4169 1022 4232 Graeci
1046 4172 1203 4232 sermonis
1227 4181 1395 4250 repugnat.
1431 4177 1521 4232 contra
1575 4241 1576 4262 η

345 4272 481 4332 nominis
511 4271 595 4352 quod
626 4281 674 4334 est
700 4266 900 4357 Ὀνησανδρος
927 4272 1014 4335 aliud
1045 4273 1225 4352 exemplum
1255 4272 1433 4334 Ludovicus
1459 4269 1521 4330 llio·

345 4373 463 4436 dorlius
486 4376 590 4436 attulit
613 4377 644 4435 in
662 4375 832 4454 Thesauro,
858 4387 890 4437 et
913 4387 961 4438 est
977 4375 1055 4438 illud
1072 4387 1135 4437 tam
1157 4385 1243 4437 recte
1260 4373 1427 4438 formatum
1442 4387 1519 4452 quam

344 4479 403 4538 alia
427 4478 552 4538 nomina
585 4477 669 4539 haud
700 4497 799 4558 pauca
828 4496 962 4557 quorum
986 4477 1096 4540 eadem
1121 4489 1168 4540 est
1196 4479 1285 4559 prior
1308 4497 1393 4559 pars.
1431 4470 1519 4552 neque
