3156 5132
342 371 414 445 358
737 391 780 450 Ex
803 407 899 452 ιιιιιιι
923 391 1129 454 Βιιοιιιιιιιει.

425 579 546 642 xxvtt.
578 576 669 642 Anno
690 598 835 642 necarere
864 588 919 641 eut
946 580 1051 660 paullo
1080 589 1188 661 postea
1217 581 1433 660 Ermenricus,
1458 585 1501 664 qui

341 691 408 744 tum
431 681 601 744 monachus
624 691 692 744 erat
713 678 882 763 augiensis
909 680 1138 764 (Elwengensis
1159 693 1253 746 antea
1275 685 1392 764 tuerat,
1415 695 1500 767 prees

341 795 446 848 eutem
476 785 578 850 tectus
607 804 677 848 esee
707 784 834 848 videtur
864 786 1032 867 epiecopus
1061 787 1285 870 Pataviensis),
1324 789 1503 852 Ermenmm

221 973 223 978 Ι
342 889 439 969 igitur
467 889 564 952 vitem
587 889 686 952 sancti
710 888 788 952 Galli
811 886 959 952 versibus
981 887 1123 952 scribere
1146 890 1294 954 instituit.
1342 889 1421 972 qued
1439 911 1502 972 opus

341 1011 418 1056 num
440 990 611 1073 perfecerit
634 994 826 1073 ignoremus,
850 993 1046 1074 proaemium
1070 995 1139 1058 eine
1161 991 1203 1055 ab
1216 990 1313 1056 Arria
1335 993 1447 1056 editum
1466 1005 1504 1056 est

341 1097 374 1158 in
398 1097 510 1158 Perteii
533 1097 743 1160 Monumentie
765 1096 953 1160 Germaniae
977 1105 999 1158 t.
1018 1115 1040 1157 ιι
1063 1117 1095 1178 p.
1114 1096 1219 1176 dise,
1252 1097 1304 1158 vel
1327 1097 1426 1178 patius
1445 1117 1503 1178 pers

341 1199 512 1279 prooemii,
545 1219 617 1262 nam
645 1201 753 1264 omissi
776 1209 850 1264 sunt
872 1199 963 1262 multi
987 1219 1098 1263 versus
1121 1198 1238 1280 quibus
1261 1199 1504 1262 ermenricum

341 1301 477 1366 Graecas
496 1301 618 1367 tabulas
633 1302 805 1365 aberravit.
845 1303 960 1366 vellem
976 1303 1033 1366 hos
1049 1321 1175 1382 qunque
1191 1300 1292 1364 editos
1307 1322 1394 1366 esse:
1418 1321 1503 1382 neque

340 1407 426 1470 enim
448 1406 530 1468 scitu
553 1406 720 1487 indignum
743 1417 792 1470 est
813 1407 918 1487 qualis
940 1405 1036 1468 luerit
1058 1423 1120 1466 non
1144 1403 1262 1468 indocti
1287 1414 1321 1468 ut
1336 1406 1388 1468 illa
1402 1405 1505 1468 meede

341 1509 478 1574 hominis
501 1508 648 1572 eruditio.
695 1529 767 1572 nem
792 1511 886 1572 etiem
904 1509 981 1572 editi
997 1527 1111 1572 versus
1126 1507 1244 1572 hebent
1260 1508 1347 1588 quod
1362 1508 1505 1590 protereu-

341 1610 418 1676 dum
441 1631 510 1676 esse
535 1623 643 1693 putem
667 1613 699 1676 in
722 1633 832 1678 eorum
848 1614 989 1676 notitiem
1006 1613 1062 1692 qui
1077 1614 1225 1693 antiquas
1240 1613 1364 1675 litteras
1379 1620 1502 1686 tractent,

341 1714 398 1780 sed
419 1715 460 1782 ad
484 1717 706 1780 monachorum
729 1717 868 1780 carmine
892 1735 962 1780 raro
977 1714 1186 1779 descendunt.
1234 1733 1306 1780 cum
1321 1713 1446 1796 Augiam
1459 1713 1505 1776 de·

341 1817 452 1883 scribit
473 1820 679 1882 Ermenricus
702 1821 867 1883 lateralia
890 1820 968 1882 haee
990 1817 1078 1898 dicit,

243 1909 248 1920 ’
516 1923 671 1986 cameos
692 1922 772 2000 liae,
797 1923 907 2000 llleae,
932 1923 1020 1986 sinus
1041 1929 1075 1984 tu
1096 1921 1207 2004 diripis
1229 1921 1312 1984 aem

517 2045 744 2108 communesque
766 2028 834 2089 vias
857 2026 983 2089 divana
1001 2043 1060 2106 per
1082 2042 1164 2085 arva
1185 2025 1327 2100 relatam,

514 2129 666 2210 fraternis
688 2129 891 2193 cumulandus
913 2129 1000 2210 aquis
1019 2145 1078 2210 per
1099 2146 1180 2190 rara
1201 2115 1352 2203 m'rescts.¹

284 2242 330 2290 tm
342 2233 477 2313 sumpsit
506 2233 562 2294 lios
590 2251 703 2296 verens
732 2231 773 2296 ab
801 2231 955 2311 Ausonio,
993 2232 1048 2312 qai
1077 2232 1155 2294 hoec
1182 2231 1313 2313 scripsit
1343 2233 1376 2294 in
1404 2229 1503 2292 ltnsella

342 2356 373 2398 v.
393 2337 518 2414 mm,
544 2337 699 2400 caeruleos
721 2355 818 2415 auae,
844 2336 953 2413 maa,
979 2337 1067 2399 sinus
1088 2334 1234 2416 hyaloque
1257 2335 1403 2398 oirmtem
1425 2332 1504 2396 mm

338 2439 463 2521 peplum
476 2441 666 2522 spatiumque
681 2441 753 2502 aevi
765 2447 879 2504 metare
891 2438 1008 2520 fluenti,
1033 2438 1192 2500 Fraterrris
1207 2436 1410 2502 amalonem
1423 2439 1502 2518 apua,

343 2551 409 2604 tum
433 2561 463 2602 v.
484 2543 543 2604 l33
574 2561 801 2624 communesque
831 2543 899 2606 viar
928 2541 1054 2606 diversa
1078 2559 1136 2622 per
1157 2542 1236 2604 orda
1253 2539 1378 2622 [eadat.
1423 2539 1503 2621 pergit

342 2647 548 2708 Ermenricus

406 2748 547 2812 accedent
568 2750 650 2812 vires
673 2767 749 2830 pras
771 2750 905 2812 Francia
927 2766 1061 2830 quesere
1085 2747 1252 2812 etamava

408 2853 610 2934 Germanique
631 2859 774 2930 tremeat,
800 2853 914 2916 mactis
936 2859 965 2914 et
984 2869 1079 2935 pyrate
1102 2853 1134 2913 ia
1156 2853 1255 2926 arvis,

405 2973 531 3036 cumpace
552 2974 632 3018 uuus
655 2955 692 3018 de
710 2955 794 3036 fonte
813 2955 905 3036 fleas,
932 2955 1067 3018 dicerere
1092 2952 1124 3036 (l.
1150 2953 1259 3036 decre)
1286 2951 1428 3031 bicornis,

405 3059 525 3124 accedet
545 3066 627 3124 tamo
648 3060 800 3142 pemiaum
822 3058 877 3120 tibi
896 3077 1003 3122 nemea
1026 3055 1064 3120 nb
1086 3059 1180 3120 omui.

343 3183 454 3226 versus
470 3171 544 3226 sunt
558 3163 703 3226 Mosellae
721 3163 781 3224 tet
800 3161 860 3224 435
881 3161 940 3224 ⁴37
958 3163 1031 3241 tae,
1052 3160 1114 3222 nisi
1130 3157 1215 3240 quod
1230 3155 1390 3222 Ausonius
1403 3157 1503 3238 scripsit

342 3275 412 3332 tuac
434 3263 686 3333 vamtatem
701 3266 797 3343 limes,
822 3264 908 3346 quod
923 3283 981 3328 aur
994 3263 1199 3328 Ermenrieus
1214 3262 1247 3324 in
1262 3267 1378 3328 cuneis
1393 3271 1418 3326 et
1430 3275 1502 3345 apol

342 3373 374 3432 ia
404 3371 491 3433 arvis
520 3369 690 3432 mutaverit
719 3367 831 3432 videre
861 3369 950 3432 tacile
973 3377 1039 3432 est:
1071 3383 1263 3448 quamquem
1287 3362 1501 3448 quaeserunt

343 3493 405 3537 non
428 3472 527 3536 multo
549 3490 645 3553 quem
668 3471 747 3536 illud
770 3473 885 3536 melius
906 3473 1032 3536 saeculo
1054 3473 1123 3534 eius
1138 3467 1383 3536 conveniebant.
1419 3475 1501 3549 pastu

343 3575 531 3655 haecdicit,

517 3680 647 3761 optimus
668 3680 702 3740 ia
721 3663 837 3760 slavia,
862 3699 878 3742 n
900 3678 1011 3754 lllreaa,
1036 3679 1156 3740 vocaris
1179 3678 1211 3738 iu
1233 3675 1315 3757 arbe,

518 3781 685 3864 remipedes
707 3780 803 3844 medic
826 3782 877 3844 cai
897 3789 1013 3844 certam
1032 3781 1157 3862 [lamiae
1178 3779 1269 3842 lembi

518 3893 547 3950 et
567 3887 672 3948 varios
695 3885 800 3950 imam
818 3884 922 3966 flemus
945 3886 1117 3966 viridesque
1134 3902 1194 3966 per
1215 3902 1289 3948 oros

518 3989 673 4071 stm'apurtt
694 3989 821 4052 attonsis
841 3987 986 4070 pubentia
1007 3989 1147 4072 ammian
1164 3987 1279 4068 protis.

343 4096 465 4177 primus
487 4111 599 4158 versus
612 4093 789 4154 Ermenrici
806 4101 865 4171 est,
891 4091 1007 4174 reliqui
1021 4100 1088 4154 tres
1101 4089 1233 4153 Ausonii
1251 4109 1282 4152 v.
1300 4088 1355 4152 204
1367 4105 1418 4162 se,
1439 4095 1499 4161 qt¹⁰⁵
1555 4087 1556 4167 l

345 4199 397 4260 ille
428 4199 469 4261 ite
499 4214 555 4260 eun
585 4196 717 4258 carmini
749 4196 870 4276 optavit
899 4205 934 4258 ut
956 4193 1174 4258 Ausonienum
1196 4199 1314 4258 certant
1334 4208 1395 4256 mm
1416 4186 1442 4246 in
1460 4197 1497 4244 mr

343 4307 462 4364 certant
483 4307 631 4364 mutaret.
678 4299 782 4380 pergit

519 4401 623 4465 reddis
645 4403 787 4465 nautales
811 4401 904 4464 vitreo
927 4401 982 4466 sab
1003 4401 1123 4486 purpite
1141 4400 1261 4481 formos
1294 4441 1296 4445 -

519 4513 547 4568 et
568 4504 681 4588 redipis
700 4504 823 4588 pandos
847 4505 964 4570 inversi
984 4505 1129 4586 corporis·
1144 4501 1281 4582 umbras,

1548 5017 1553 5091 l
