<?xml version="1.0" encoding="UTF-8"?>
<!DOCTYPE html PUBLIC "-//W3C//DTD XHTML 1.0 Transitional//EN"
    "http://www.w3.org/TR/xhtml1/DTD/xhtml1-transitional.dtd">
<html xmlns="http://www.w3.org/1999/xhtml" xml:lang="en" lang="en">
 <head>
  <title>
</title>
<meta http-equiv="Content-Type" content="text/html;charset=utf-8" />
  <meta name='ocr-system' content='tesseract 3.04.00' />
  <meta name='ocr-capabilities' content='ocr_page ocr_carea ocr_par ocr_line ocrx_word'/>
</head>
<body>
  <div class='ocr_page' id='page_1' title='image "./mavriciihavptii01haupgoog/mavriciihavptii01haupgoog_0413.png"; bbox 0 0 3182 5132; ppageno 0'>
   <div class='ocr_carea' id='block_1_1' title="bbox 347 382 1134 461">
    <p class='ocr_par' dir='ltr' id='par_1_1' title="bbox 347 382 1134 461">
     <span class='ocr_line' id='line_1_1' title="bbox 347 382 1134 461; baseline 0.008 -9"><span class='ocrx_word' id='word_1_1' title='bbox 347 382 421 453; x_wconf 88' lang='grc'>400</span> <span class='ocrx_word' id='word_1_2' title='bbox 744 397 787 457; x_wconf 85' lang='lat' dir='ltr'>Ex</span> <span class='ocrx_word' id='word_1_3' title='bbox 810 417 904 458; x_wconf 77' lang='lat' dir='ltr'>asana</span> <span class='ocrx_word' id='word_1_4' title='bbox 928 400 1134 461; x_wconf 80' lang='lat' dir='ltr'>Bracarnaasr.</span> 
     </span>
    </p>
   </div>
   <div class='ocr_carea' id='block_1_2' title="bbox 287 581 1584 4602">
    <p class='ocr_par' dir='ltr' id='par_1_2' title="bbox 287 581 1584 4602">
     <span class='ocr_line' id='line_1_2' title="bbox 346 581 1579 669; baseline -0.004 -22"><span class='ocrx_word' id='word_1_5' title='bbox 346 597 381 648; x_wconf 88' lang='lat' dir='ltr'>ut</span> <span class='ocrx_word' id='word_1_6' title='bbox 409 586 564 649; x_wconf 81' lang='lat' dir='ltr'>scriberet</span> <span class='ocrx_word' id='word_1_7' title='bbox 593 589 655 649; x_wconf 85' lang='lat' dir='ltr'>uisi</span> <span class='ocrx_word' id='word_1_8' title='bbox 679 588 778 648; x_wconf 82' lang='lat' dir='ltr'>Unum</span> <span class='ocrx_word' id='word_1_9' title='bbox 805 589 954 669; x_wconf 73' lang='lat' dir='ltr'>epityrum</span> <span class='ocrx_word' id='word_1_10' title='bbox 977 594 1062 651; x_wconf 84' lang='lat' dir='ltr'>estur</span> <span class='ocrx_word' id='word_1_11' title='bbox 1084 589 1227 651; x_wconf 86' lang='lat' dir='ltr'>iusaaum</span> <span class='ocrx_word' id='word_1_12' title='bbox 1251 587 1356 648; x_wconf 84' lang='lat' dir='ltr'>insane</span> <span class='ocrx_word' id='word_1_13' title='bbox 1376 583 1438 644; x_wconf 84' lang='lat' dir='ltr'>bem</span> <span class='ocrx_word' id='word_1_14' title='bbox 1455 581 1498 643; x_wconf 89' lang='lat' dir='ltr'>ad·</span> <span class='ocrx_word' id='word_1_15' title='bbox 1574 606 1579 615; x_wconf 95' lang='lat'>·</span> 
     </span>
     <span class='ocr_line' id='line_1_3' title="bbox 346 686 1499 772; baseline -0.005 -20"><span class='ocrx_word' id='word_1_16' title='bbox 346 689 461 752; x_wconf 90' lang='lat' dir='ltr'>ductus</span> <span class='ocrx_word' id='word_1_17' title='bbox 484 700 532 754; x_wconf 87' lang='lat' dir='ltr'>est</span> <span class='ocrx_word' id='word_1_18' title='bbox 554 693 668 772; x_wconf 91' lang='lat' dir='ltr'>partim</span> <span class='ocrx_word' id='word_1_19' title='bbox 684 690 885 754; x_wconf 66' lang='lat' dir='ltr'>ambrosiani</span> <span class='ocrx_word' id='word_1_20' title='bbox 908 691 983 755; x_wconf 87' lang='lat' dir='ltr'>libri</span> <span class='ocrx_word' id='word_1_21' title='bbox 998 692 1125 771; x_wconf 85' lang='lat' dir='ltr'>litteris,</span> <span class='ocrx_word' id='word_1_22' title='bbox 1149 691 1266 772; x_wconf 90' lang='lat' dir='ltr'>partim</span> <span class='ocrx_word' id='word_1_23' title='bbox 1282 709 1318 751; x_wconf 90' lang='lat' dir='ltr'>eo</span> <span class='ocrx_word' id='word_1_24' title='bbox 1334 686 1411 768; x_wconf 89' lang='lat' dir='ltr'>quad</span> <span class='ocrx_word' id='word_1_25' title='bbox 1423 687 1499 748; x_wconf 82' lang='lat' dir='ltr'>l&#39;arra</span> 
     </span>
     <span class='ocr_line' id='line_1_4' title="bbox 345 787 1500 876; baseline -0.007 -21"><span class='ocrx_word' id='word_1_26' title='bbox 345 813 406 857; x_wconf 89' lang='lat' dir='ltr'>non</span> <span class='ocrx_word' id='word_1_27' title='bbox 424 793 519 856; x_wconf 90' lang='lat' dir='ltr'>habet</span> <span class='ocrx_word' id='word_1_28' title='bbox 535 794 619 876; x_wconf 88' lang='lat' dir='ltr'>apud</span> <span class='ocrx_word' id='word_1_29' title='bbox 634 794 731 872; x_wconf 86' lang='lat' dir='ltr'>illum,</span> <span class='ocrx_word' id='word_1_30' title='bbox 750 795 836 876; x_wconf 91' lang='lat' dir='ltr'>quod</span> <span class='ocrx_word' id='word_1_31' title='bbox 851 805 957 858; x_wconf 89' lang='lat' dir='ltr'>tamen</span> <span class='ocrx_word' id='word_1_32' title='bbox 974 797 1006 858; x_wconf 90' lang='lat' dir='ltr'>in</span> <span class='ocrx_word' id='word_1_33' title='bbox 1023 795 1219 876; x_wconf 89' lang='lat' dir='ltr'>reliquarum</span> <span class='ocrx_word' id='word_1_34' title='bbox 1234 793 1385 855; x_wconf 89' lang='lat' dir='ltr'>librorum</span> <span class='ocrx_word' id='word_1_35' title='bbox 1400 787 1500 852; x_wconf 88' lang='lat' dir='ltr'>mendis</span> 
     </span>
     <span class='ocr_line' id='line_1_5' title="bbox 345 897 1500 976; baseline -0.008 -16"><span class='ocrx_word' id='word_1_36' title='bbox 345 899 444 960; x_wconf 87' lang='lat' dir='ltr'>latere</span> <span class='ocrx_word' id='word_1_37' title='bbox 473 897 612 960; x_wconf 88' lang='lat' dir='ltr'>videtur.</span> <span class='ocrx_word' id='word_1_38' title='bbox 660 898 718 960; x_wconf 90' lang='lat' dir='ltr'>sed</span> <span class='ocrx_word' id='word_1_39' title='bbox 745 900 778 960; x_wconf 88' lang='lat' dir='ltr'>in</span> <span class='ocrx_word' id='word_1_40' title='bbox 801 898 1006 962; x_wconf 73' lang='lat' dir='ltr'>ambrosiano</span> <span class='ocrx_word' id='word_1_41' title='bbox 1036 899 1118 962; x_wconf 90' lang='lat' dir='ltr'>libro</span> <span class='ocrx_word' id='word_1_42' title='bbox 1145 898 1273 960; x_wconf 89' lang='lat' dir='ltr'>omnino</span> <span class='ocrx_word' id='word_1_43' title='bbox 1295 905 1446 976; x_wconf 90' lang='lat' dir='ltr'>peccatum</span> <span class='ocrx_word' id='word_1_44' title='bbox 1464 901 1500 953; x_wconf 87' lang='lat' dir='ltr'>est</span> 
     </span>
     <span class='ocr_line' id='line_1_6' title="bbox 345 999 1500 1084; baseline -0.006 -20"><span class='ocrx_word' id='word_1_45' title='bbox 345 1003 452 1082; x_wconf 87' lang='lat' dir='ltr'>aliquo</span> <span class='ocrx_word' id='word_1_46' title='bbox 481 1001 588 1082; x_wconf 87' lang='lat' dir='ltr'>moda,</span> <span class='ocrx_word' id='word_1_47' title='bbox 620 1003 717 1064; x_wconf 86' lang='lat' dir='ltr'>Varro</span> <span class='ocrx_word' id='word_1_48' title='bbox 744 1012 851 1065; x_wconf 88' lang='lat' dir='ltr'>autem</span> <span class='ocrx_word' id='word_1_49' title='bbox 873 1005 1017 1066; x_wconf 88' lang='lat' dir='ltr'>omittere</span> <span class='ocrx_word' id='word_1_50' title='bbox 1040 1003 1143 1084; x_wconf 88' lang='lat' dir='ltr'>potuit</span> <span class='ocrx_word' id='word_1_51' title='bbox 1165 999 1250 1082; x_wconf 90' lang='lat' dir='ltr'>quod</span> <span class='ocrx_word' id='word_1_52' title='bbox 1274 999 1314 1062; x_wconf 91' lang='lat' dir='ltr'>ad</span> <span class='ocrx_word' id='word_1_53' title='bbox 1335 1015 1420 1060; x_wconf 81' lang='lat' dir='ltr'>voces</span> <span class='ocrx_word' id='word_1_54' title='bbox 1438 1013 1500 1076; x_wconf 87' lang='lat' dir='ltr'>quas</span> 
     </span>
     <span class='ocr_line' id='line_1_7' title="bbox 345 1103 1499 1188; baseline -0.009 -21"><span class='ocrx_word' id='word_1_55' title='bbox 345 1116 480 1168; x_wconf 87' lang='lat' dir='ltr'>tractare</span> <span class='ocrx_word' id='word_1_56' title='bbox 504 1105 628 1168; x_wconf 89' lang='lat' dir='ltr'>volebat</span> <span class='ocrx_word' id='word_1_57' title='bbox 651 1108 757 1168; x_wconf 91' lang='lat' dir='ltr'>minas</span> <span class='ocrx_word' id='word_1_58' title='bbox 772 1108 959 1188; x_wconf 81' lang='lat' dir='ltr'>pertineret.</span> <span class='ocrx_word' id='word_1_59' title='bbox 997 1107 1097 1188; x_wconf 81' lang='lat' dir='ltr'>magis</span> <span class='ocrx_word' id='word_1_60' title='bbox 1113 1107 1228 1167; x_wconf 90' lang='lat' dir='ltr'>mirum</span> <span class='ocrx_word' id='word_1_61' title='bbox 1246 1112 1329 1166; x_wconf 87' lang='lat' dir='ltr'>esset</span> <span class='ocrx_word' id='word_1_62' title='bbox 1344 1103 1368 1166; x_wconf 91' lang='lat' dir='ltr'>si</span> <span class='ocrx_word' id='word_1_63' title='bbox 1385 1104 1499 1162; x_wconf 79' lang='lat' dir='ltr'>manuum</span> 
     </span>
     <span class='ocr_line' id='line_1_8' title="bbox 346 1207 1583 1298; baseline -0.009 -27"><span class='ocrx_word' id='word_1_64' title='bbox 346 1211 501 1272; x_wconf 89' lang='lat' dir='ltr'>omisisset</span> <span class='ocrx_word' id='word_1_65' title='bbox 524 1219 578 1272; x_wconf 87' lang='lat' dir='ltr'>aut</span> <span class='ocrx_word' id='word_1_66' title='bbox 600 1211 627 1272; x_wconf 90' lang='lat' dir='ltr'>si</span> <span class='ocrx_word' id='word_1_67' title='bbox 650 1209 760 1272; x_wconf 92' lang='lat' dir='ltr'>eadem</span> <span class='ocrx_word' id='word_1_68' title='bbox 784 1211 870 1272; x_wconf 90' lang='lat' dir='ltr'>idem</span> <span class='ocrx_word' id='word_1_69' title='bbox 893 1209 1082 1273; x_wconf 83' lang='lat' dir='ltr'>vocabulum</span> <span class='ocrx_word' id='word_1_70' title='bbox 1106 1229 1181 1273; x_wconf 89' lang='lat' dir='ltr'>casu</span> <span class='ocrx_word' id='word_1_71' title='bbox 1203 1207 1290 1289; x_wconf 86' lang='lat' dir='ltr'>apud</span> <span class='ocrx_word' id='word_1_72' title='bbox 1304 1209 1462 1270; x_wconf 80' lang='lat' dir='ltr'>Varronem</span> <span class='ocrx_word' id='word_1_73' title='bbox 1479 1211 1498 1261; x_wconf 86' lang='lat' dir='ltr'>et</span> <span class='ocrx_word' id='word_1_74' title='bbox 1582 1289 1583 1298; x_wconf 9' lang='grc' dir='ltr'>ἵ</span> 
     </span>
     <span class='ocr_line' id='line_1_9' title="bbox 347 1309 1584 1396; baseline -0.008 -22"><span class='ocrx_word' id='word_1_75' title='bbox 347 1315 378 1374; x_wconf 92' lang='lat' dir='ltr'>in</span> <span class='ocrx_word' id='word_1_76' title='bbox 402 1315 564 1375; x_wconf 81' lang='lat' dir='ltr'>Plautinae</span> <span class='ocrx_word' id='word_1_77' title='bbox 593 1312 718 1376; x_wconf 78' lang='lat' dir='ltr'>fabulae</span> <span class='ocrx_word' id='word_1_78' title='bbox 748 1325 875 1396; x_wconf 88' lang='lat' dir='ltr'>praeter</span> <span class='ocrx_word' id='word_1_79' title='bbox 896 1314 1140 1377; x_wconf 84' lang='lat' dir='ltr'>Ambrosianum</span> <span class='ocrx_word' id='word_1_80' title='bbox 1170 1309 1405 1392; x_wconf 82' lang='lat' dir='ltr'>exemplaribus</span> <span class='ocrx_word' id='word_1_81' title='bbox 1425 1309 1500 1368; x_wconf 87' lang='lat' dir='ltr'>inter·</span> <span class='ocrx_word' id='word_1_82' title='bbox 1582 1319 1584 1394; x_wconf 60' lang='lat' dir='ltr'>p</span> 
     </span>
     <span class='ocr_line' id='line_1_10' title="bbox 346 1395 1584 1552; baseline -0.006 -74"><span class='ocrx_word' id='word_1_83' title='bbox 346 1417 486 1480; x_wconf 77' lang='lat' dir='ltr'>uidisset.</span> <span class='ocrx_word' id='word_1_84' title='bbox 534 1427 637 1499; x_wconf 86' lang='lat' dir='ltr'>potest</span> <span class='ocrx_word' id='word_1_85' title='bbox 659 1428 766 1481; x_wconf 86' lang='lat' dir='ltr'>autem</span> <span class='ocrx_word' id='word_1_86' title='bbox 789 1421 822 1480; x_wconf 94' lang='lat' dir='ltr'>in</span> <span class='ocrx_word' id='word_1_87' title='bbox 837 1417 1046 1482; x_wconf 70' lang='lat' dir='ltr'>ambrosiana</span> <span class='ocrx_word' id='word_1_88' title='bbox 1069 1419 1213 1480; x_wconf 82' lang='lat' dir='ltr'>insanum</span> <span class='ocrx_word' id='word_1_89' title='bbox 1228 1434 1269 1476; x_wconf 85' lang='lat' dir='ltr'>ex</span> <span class='ocrx_word' id='word_1_90' title='bbox 1285 1417 1389 1476; x_wconf 82' lang='lat' dir='ltr'>insane</span> <span class='ocrx_word' id='word_1_91' title='bbox 1404 1395 1500 1472; x_wconf 65' lang='lat' dir='ltr'>lactan*</span> <span class='ocrx_word' id='word_1_92' title='bbox 1579 1399 1584 1552; x_wconf 59' lang='grc' dir='ltr'>ἰ</span> 
     </span>
     <span class='ocr_line' id='line_1_11' title="bbox 287 1511 1502 1602; baseline -0.005 -22"><span class='ocrx_word' id='word_1_93' title='bbox 287 1529 427 1583; x_wconf 82' lang='lat' dir='ltr'>ttsesse.</span> <span class='ocrx_word' id='word_1_94' title='bbox 474 1539 580 1602; x_wconf 90' lang='lat' dir='ltr'>neque</span> <span class='ocrx_word' id='word_1_95' title='bbox 610 1521 695 1602; x_wconf 87' lang='lat' dir='ltr'>quod</span> <span class='ocrx_word' id='word_1_96' title='bbox 729 1523 763 1584; x_wconf 93' lang='lat' dir='ltr'>in</span> <span class='ocrx_word' id='word_1_97' title='bbox 791 1523 972 1585; x_wconf 77' lang='lat' dir='ltr'>Neruolaria</span> <span class='ocrx_word' id='word_1_98' title='bbox 1001 1523 1128 1585; x_wconf 88' lang='lat' dir='ltr'>Plautus</span> <span class='ocrx_word' id='word_1_99' title='bbox 1157 1519 1239 1583; x_wconf 82' lang='lat' dir='ltr'>dixit</span> <span class='ocrx_word' id='word_1_100' title='bbox 1271 1521 1410 1581; x_wconf 82' lang='lat' dir='ltr'>insanum</span> <span class='ocrx_word' id='word_1_101' title='bbox 1434 1511 1502 1576; x_wconf 78' lang='lat' dir='ltr'>aaldt</span> 
     </span>
     <span class='ocr_line' id='line_1_12' title="bbox 345 1617 1502 1706; baseline -0.008 -21"><span class='ocrx_word' id='word_1_102' title='bbox 345 1626 422 1686; x_wconf 90' lang='lat' dir='ltr'>satis</span> <span class='ocrx_word' id='word_1_103' title='bbox 445 1624 616 1706; x_wconf 86' lang='lat' dir='ltr'>persuadet</span> <span class='ocrx_word' id='word_1_104' title='bbox 639 1627 671 1687; x_wconf 92' lang='lat' dir='ltr'>in</span> <span class='ocrx_word' id='word_1_105' title='bbox 687 1627 784 1688; x_wconf 88' lang='lat' dir='ltr'>llilite</span> <span class='ocrx_word' id='word_1_106' title='bbox 807 1647 879 1689; x_wconf 90' lang='lat' dir='ltr'>eum</span> <span class='ocrx_word' id='word_1_107' title='bbox 898 1625 1017 1688; x_wconf 86' lang='lat' dir='ltr'>dixisse</span> <span class='ocrx_word' id='word_1_108' title='bbox 1034 1627 1176 1688; x_wconf 87' lang='lat' dir='ltr'>iusauum</span> <span class='ocrx_word' id='word_1_109' title='bbox 1192 1625 1301 1686; x_wconf 85' lang='lat' dir='ltr'>iusaue</span> <span class='ocrx_word' id='word_1_110' title='bbox 1315 1621 1396 1684; x_wconf 82' lang='lat' dir='ltr'>berre.</span> <span class='ocrx_word' id='word_1_111' title='bbox 1431 1617 1502 1679; x_wconf 89' lang='lat' dir='ltr'>deni-</span> 
     </span>
     <span class='ocr_line' id='line_1_13' title="bbox 345 1723 1501 1814; baseline -0.009 -23"><span class='ocrx_word' id='word_1_112' title='bbox 345 1747 408 1808; x_wconf 90' lang='lat' dir='ltr'>que</span> <span class='ocrx_word' id='word_1_113' title='bbox 432 1729 516 1812; x_wconf 87' lang='lat' dir='ltr'>apud</span> <span class='ocrx_word' id='word_1_114' title='bbox 538 1729 624 1792; x_wconf 89' lang='lat' dir='ltr'>illum</span> <span class='ocrx_word' id='word_1_115' title='bbox 645 1740 709 1792; x_wconf 87' lang='lat' dir='ltr'>tam</span> <span class='ocrx_word' id='word_1_116' title='bbox 732 1729 773 1792; x_wconf 91' lang='lat' dir='ltr'>ad</span> <span class='ocrx_word' id='word_1_117' title='bbox 795 1731 988 1793; x_wconf 87' lang='lat' dir='ltr'>sententiam</span> <span class='ocrx_word' id='word_1_118' title='bbox 1010 1741 1118 1814; x_wconf 90' lang='lat' dir='ltr'>aptum</span> <span class='ocrx_word' id='word_1_119' title='bbox 1141 1750 1178 1792; x_wconf 88' lang='lat' dir='ltr'>ae</span> <span class='ocrx_word' id='word_1_120' title='bbox 1199 1747 1301 1811; x_wconf 91' lang='lat' dir='ltr'>paene</span> <span class='ocrx_word' id='word_1_121' title='bbox 1316 1723 1501 1789; x_wconf 84' lang='lat' dir='ltr'>necessariam</span> 
     </span>
     <span class='ocr_line' id='line_1_14' title="bbox 345 1822 1501 1898; baseline -0.008 -3"><span class='ocrx_word' id='word_1_122' title='bbox 345 1843 394 1895; x_wconf 89' lang='lat' dir='ltr'>est</span> <span class='ocrx_word' id='word_1_123' title='bbox 414 1842 450 1896; x_wconf 90' lang='lat' dir='ltr'>ut</span> <span class='ocrx_word' id='word_1_124' title='bbox 473 1853 535 1898; x_wconf 90' lang='lat' dir='ltr'>nan</span> <span class='ocrx_word' id='word_1_125' title='bbox 558 1835 690 1896; x_wconf 84' lang='lat' dir='ltr'>silveri</span> <span class='ocrx_word' id='word_1_126' title='bbox 713 1835 815 1898; x_wconf 89' lang='lat' dir='ltr'>simile</span> <span class='ocrx_word' id='word_1_127' title='bbox 832 1835 974 1898; x_wconf 91' lang='lat' dir='ltr'>Plautum</span> <span class='ocrx_word' id='word_1_128' title='bbox 998 1836 1078 1898; x_wconf 90' lang='lat' dir='ltr'>nihil</span> <span class='ocrx_word' id='word_1_129' title='bbox 1094 1832 1249 1898; x_wconf 91' lang='lat' dir='ltr'>eiusmodi</span> <span class='ocrx_word' id='word_1_130' title='bbox 1266 1829 1432 1895; x_wconf 87' lang='lat' dir='ltr'>addidisse.</span> <span class='ocrx_word' id='word_1_131' title='bbox 1460 1822 1501 1886; x_wconf 86' lang='lat' dir='ltr'>sed</span> 
     </span>
     <span class='ocr_line' id='line_1_15' title="bbox 344 1925 1501 2020; baseline -0.006 -23"><span class='ocrx_word' id='word_1_132' title='bbox 344 1946 447 2017; x_wconf 87' lang='lat' dir='ltr'>potest</span> <span class='ocrx_word' id='word_1_133' title='bbox 469 1937 553 2018; x_wconf 83' lang='lat' dir='ltr'>apud</span> <span class='ocrx_word' id='word_1_134' title='bbox 574 1938 662 2001; x_wconf 86' lang='lat' dir='ltr'>illum</span> <span class='ocrx_word' id='word_1_135' title='bbox 684 1939 838 2019; x_wconf 90' lang='lat' dir='ltr'>scriptum</span> <span class='ocrx_word' id='word_1_136' title='bbox 861 1937 959 2001; x_wconf 86' lang='lat' dir='ltr'>luisse</span> <span class='ocrx_word' id='word_1_137' title='bbox 982 1959 1039 2020; x_wconf 90' lang='lat' dir='ltr'>pro</span> <span class='ocrx_word' id='word_1_138' title='bbox 1062 1939 1123 2001; x_wconf 92' lang='lat' dir='ltr'>alia</span> <span class='ocrx_word' id='word_1_139' title='bbox 1145 1955 1221 2000; x_wconf 87' lang='lat' dir='ltr'>vace</span> <span class='ocrx_word' id='word_1_140' title='bbox 1240 1937 1331 1998; x_wconf 86' lang='lat' dir='ltr'>euius</span> <span class='ocrx_word' id='word_1_141' title='bbox 1347 1932 1447 1996; x_wconf 88' lang='lat' dir='ltr'>eadem</span> <span class='ocrx_word' id='word_1_142' title='bbox 1460 1925 1501 1990; x_wconf 85' lang='lat' dir='ltr'>sed</span> 
     </span>
     <span class='ocr_line' id='line_1_16' title="bbox 345 2033 1500 2123; baseline -0.008 -23"><span class='ocrx_word' id='word_1_143' title='bbox 345 2039 450 2121; x_wconf 88' lang='lat' dir='ltr'>paullo</span> <span class='ocrx_word' id='word_1_144' title='bbox 477 2041 583 2103; x_wconf 92' lang='lat' dir='ltr'>minus</span> <span class='ocrx_word' id='word_1_145' title='bbox 611 2042 779 2122; x_wconf 89' lang='lat' dir='ltr'>perspicua</span> <span class='ocrx_word' id='word_1_146' title='bbox 807 2050 874 2103; x_wconf 88' lang='lat' dir='ltr'>erat</span> <span class='ocrx_word' id='word_1_147' title='bbox 904 2043 1104 2123; x_wconf 78' lang='lat' dir='ltr'>significatio.</span> <span class='ocrx_word' id='word_1_148' title='bbox 1149 2040 1259 2122; x_wconf 88' lang='lat' dir='ltr'>siquid</span> <span class='ocrx_word' id='word_1_149' title='bbox 1289 2039 1373 2101; x_wconf 87' lang='lat' dir='ltr'>enim</span> <span class='ocrx_word' id='word_1_150' title='bbox 1398 2035 1461 2096; x_wconf 86' lang='lat' dir='ltr'>lieet</span> <span class='ocrx_word' id='word_1_151' title='bbox 1479 2033 1500 2091; x_wconf 91' lang='lat' dir='ltr'>ia</span> 
     </span>
     <span class='ocr_line' id='line_1_17' title="bbox 344 2143 1308 2228; baseline 0.001 -24"><span class='ocrx_word' id='word_1_152' title='bbox 344 2144 395 2204; x_wconf 91' lang='lat' dir='ltr'>his</span> <span class='ocrx_word' id='word_1_153' title='bbox 417 2143 566 2206; x_wconf 88' lang='lat' dir='ltr'>versibus</span> <span class='ocrx_word' id='word_1_154' title='bbox 587 2153 754 2226; x_wconf 89' lang='lat' dir='ltr'>temptare,</span> <span class='ocrx_word' id='word_1_155' title='bbox 780 2143 973 2208; x_wconf 84' lang='lat' dir='ltr'>crediderim</span> <span class='ocrx_word' id='word_1_156' title='bbox 996 2155 1120 2228; x_wconf 88' lang='lat' dir='ltr'>poetam</span> <span class='ocrx_word' id='word_1_157' title='bbox 1143 2145 1308 2225; x_wconf 82' lang='lat' dir='ltr'>scripsisse</span> 
     </span>
     <span class='ocr_line' id='line_1_18' title="bbox 494 2248 1217 2332; baseline 0 -20"><span class='ocrx_word' id='word_1_158' title='bbox 494 2249 700 2330; x_wconf 77' lang='lat' dir='ltr'>periuriorem</span> <span class='ocrx_word' id='word_1_159' title='bbox 721 2249 775 2310; x_wconf 83' lang='lat' dir='ltr'>bae</span> <span class='ocrx_word' id='word_1_160' title='bbox 796 2248 944 2312; x_wconf 84' lang='lat' dir='ltr'>homiuem</span> <span class='ocrx_word' id='word_1_161' title='bbox 965 2251 995 2312; x_wconf 84' lang='lat' dir='ltr'>si</span> <span class='ocrx_word' id='word_1_162' title='bbox 1015 2251 1083 2332; x_wconf 73' lang='lat' dir='ltr'>pris</span> <span class='ocrx_word' id='word_1_163' title='bbox 1105 2249 1217 2312; x_wconf 74' lang='lat' dir='ltr'>viderit</span> 
     </span>
     <span class='ocr_line' id='line_1_19' title="bbox 498 2352 1204 2436; baseline 0.001 -22"><span class='ocrx_word' id='word_1_164' title='bbox 498 2360 554 2415; x_wconf 89' lang='lat' dir='ltr'>aut</span> <span class='ocrx_word' id='word_1_165' title='bbox 573 2352 744 2435; x_wconf 78' lang='lat' dir='ltr'>ploriarum</span> <span class='ocrx_word' id='word_1_166' title='bbox 763 2353 931 2435; x_wconf 81' lang='lat' dir='ltr'>pleniorem</span> <span class='ocrx_word' id='word_1_167' title='bbox 953 2371 1044 2436; x_wconf 82' lang='lat' dir='ltr'>quam</span> <span class='ocrx_word' id='word_1_168' title='bbox 1068 2353 1129 2415; x_wconf 88' lang='lat' dir='ltr'>illic</span> <span class='ocrx_word' id='word_1_169' title='bbox 1151 2360 1204 2426; x_wconf 90' lang='lat' dir='ltr'>est,</span> 
     </span>
     <span class='ocr_line' id='line_1_20' title="bbox 498 2452 1333 2538; baseline -0.004 -21"><span class='ocrx_word' id='word_1_170' title='bbox 498 2474 544 2518; x_wconf 91' lang='lat' dir='ltr'>me</span> <span class='ocrx_word' id='word_1_171' title='bbox 566 2455 626 2518; x_wconf 86' lang='lat' dir='ltr'>sibi</span> <span class='ocrx_word' id='word_1_172' title='bbox 645 2455 760 2534; x_wconf 76' lang='lat' dir='ltr'>habeto,</span> <span class='ocrx_word' id='word_1_173' title='bbox 786 2467 912 2536; x_wconf 77' lang='lat' dir='ltr'>egomet</span> <span class='ocrx_word' id='word_1_174' title='bbox 933 2475 979 2519; x_wconf 89' lang='lat' dir='ltr'>me</span> <span class='ocrx_word' id='word_1_175' title='bbox 1001 2459 1031 2519; x_wconf 90' lang='lat' dir='ltr'>ei</span> <span class='ocrx_word' id='word_1_176' title='bbox 1054 2456 1214 2538; x_wconf 87' lang='lat' dir='ltr'>mancupio</span> <span class='ocrx_word' id='word_1_177' title='bbox 1237 2452 1333 2516; x_wconf 86' lang='lat' dir='ltr'>dabo:</span> 
     </span>
     <span class='ocr_line' id='line_1_21' title="bbox 498 2558 1583 2642; baseline 0.002 -20"><span class='ocrx_word' id='word_1_178' title='bbox 498 2561 676 2622; x_wconf 80' lang='lat' dir='ltr'>misianum</span> <span class='ocrx_word' id='word_1_179' title='bbox 699 2562 849 2642; x_wconf 78' lang='lat' dir='ltr'>epityrum</span> <span class='ocrx_word' id='word_1_180' title='bbox 871 2561 917 2621; x_wconf 91' lang='lat' dir='ltr'>illi</span> <span class='ocrx_word' id='word_1_181' title='bbox 941 2568 1025 2624; x_wconf 89' lang='lat' dir='ltr'>estur</span> <span class='ocrx_word' id='word_1_182' title='bbox 1047 2562 1155 2623; x_wconf 80' lang='lat' dir='ltr'>insane</span> <span class='ocrx_word' id='word_1_183' title='bbox 1177 2558 1260 2620; x_wconf 76' lang='lat' dir='ltr'>dure.</span> <span class='ocrx_word' id='word_1_184' title='bbox 1582 2619 1583 2624; x_wconf 73' lang='grc'>,</span> 
     </span>
     <span class='ocr_line' id='line_1_22' title="bbox 428 2653 1583 2748; baseline -0.01 -24"><span class='ocrx_word' id='word_1_185' title='bbox 428 2659 519 2725; x_wconf 87' lang='lat' dir='ltr'>Adde</span> <span class='ocrx_word' id='word_1_186' title='bbox 547 2663 625 2725; x_wconf 89' lang='lat' dir='ltr'>alios</span> <span class='ocrx_word' id='word_1_187' title='bbox 654 2663 798 2726; x_wconf 88' lang='lat' dir='ltr'>eiusdem</span> <span class='ocrx_word' id='word_1_188' title='bbox 828 2662 952 2725; x_wconf 79' lang='lat' dir='ltr'>fabulae</span> <span class='ocrx_word' id='word_1_189' title='bbox 977 2664 1148 2726; x_wconf 84' lang='lat' dir='ltr'>versiculos</span> <span class='ocrx_word' id='word_1_190' title='bbox 1171 2663 1214 2724; x_wconf 88' lang='lat' dir='ltr'>ita</span> <span class='ocrx_word' id='word_1_191' title='bbox 1236 2663 1370 2742; x_wconf 88' lang='lat' dir='ltr'>scriptos</span> <span class='ocrx_word' id='word_1_192' title='bbox 1391 2667 1423 2720; x_wconf 90' lang='lat' dir='ltr'>ut</span> <span class='ocrx_word' id='word_1_193' title='bbox 1442 2653 1500 2716; x_wconf 84' lang='lat' dir='ltr'>miii</span> <span class='ocrx_word' id='word_1_194' title='bbox 1582 2675 1583 2748; x_wconf 42' lang='lat' dir='ltr'>J</span> 
     </span>
     <span class='ocr_line' id='line_1_23' title="bbox 343 2758 1501 2848; baseline -0.009 -21"><span class='ocrx_word' id='word_1_195' title='bbox 343 2766 504 2829; x_wconf 90' lang='lat' dir='ltr'>scribendi</span> <span class='ocrx_word' id='word_1_196' title='bbox 527 2786 596 2830; x_wconf 90' lang='lat' dir='ltr'>esse</span> <span class='ocrx_word' id='word_1_197' title='bbox 620 2766 779 2830; x_wconf 89' lang='lat' dir='ltr'>videntur.</span> <span class='ocrx_word' id='word_1_198' title='bbox 827 2770 860 2830; x_wconf 93' lang='lat' dir='ltr'>in</span> <span class='ocrx_word' id='word_1_199' title='bbox 883 2766 1000 2848; x_wconf 92' lang='lat' dir='ltr'>quibus</span> <span class='ocrx_word' id='word_1_200' title='bbox 1022 2767 1101 2847; x_wconf 86' lang='lat' dir='ltr'>quid</span> <span class='ocrx_word' id='word_1_201' title='bbox 1124 2765 1164 2828; x_wconf 89' lang='lat' dir='ltr'>ab</span> <span class='ocrx_word' id='word_1_202' title='bbox 1180 2766 1251 2828; x_wconf 90' lang='lat' dir='ltr'>aliis</span> <span class='ocrx_word' id='word_1_203' title='bbox 1266 2763 1445 2846; x_wconf 90' lang='lat' dir='ltr'>sumpserim</span> <span class='ocrx_word' id='word_1_204' title='bbox 1458 2758 1501 2820; x_wconf 79' lang='lat' dir='ltr'>de</span> 
     </span>
     <span class='ocr_line' id='line_1_24' title="bbox 343 2863 1498 2933; baseline -0.01 -3"><span class='ocrx_word' id='word_1_205' title='bbox 343 2869 460 2933; x_wconf 86' lang='lat' dir='ltr'>cebant</span> <span class='ocrx_word' id='word_1_206' title='bbox 482 2872 698 2933; x_wconf 89' lang='lat' dir='ltr'>commentarii</span> <span class='ocrx_word' id='word_1_207' title='bbox 721 2870 895 2932; x_wconf 89' lang='lat' dir='ltr'>llitschelii.</span> <span class='ocrx_word' id='word_1_208' title='bbox 939 2871 1149 2933; x_wconf 90' lang='lat' dir='ltr'>arationibus</span> <span class='ocrx_word' id='word_1_209' title='bbox 1165 2869 1352 2932; x_wconf 86' lang='lat' dir='ltr'>enarrandis</span> <span class='ocrx_word' id='word_1_210' title='bbox 1367 2863 1498 2928; x_wconf 82' lang='lat' dir='ltr'>abstinui:</span> 
     </span>
     <span class='ocr_line' id='line_1_25' title="bbox 342 2973 1194 3055; baseline 0 -21"><span class='ocrx_word' id='word_1_211' title='bbox 342 2975 419 3036; x_wconf 90' lang='lat' dir='ltr'>satis</span> <span class='ocrx_word' id='word_1_212' title='bbox 441 2975 525 3036; x_wconf 88' lang='lat' dir='ltr'>enirn</span> <span class='ocrx_word' id='word_1_213' title='bbox 549 2993 607 3054; x_wconf 88' lang='lat' dir='ltr'>per</span> <span class='ocrx_word' id='word_1_214' title='bbox 630 2993 663 3035; x_wconf 91' lang='lat' dir='ltr'>se</span> <span class='ocrx_word' id='word_1_215' title='bbox 686 2973 880 3037; x_wconf 87' lang='lat' dir='ltr'>videbantur</span> <span class='ocrx_word' id='word_1_216' title='bbox 902 2991 971 3036; x_wconf 89' lang='lat' dir='ltr'>esse</span> <span class='ocrx_word' id='word_1_217' title='bbox 994 2975 1194 3055; x_wconf 88' lang='lat' dir='ltr'>perspicuae.</span> 
     </span>
     <span class='ocr_line' id='line_1_26' title="bbox 363 3075 1467 3158; baseline -0.001 -22"><span class='ocrx_word' id='word_1_218' title='bbox 363 3077 425 3136; x_wconf 85' lang='lat'>308</span> <span class='ocrx_word' id='word_1_219' title='bbox 475 3097 557 3139; x_wconf 89' lang='lat' dir='ltr'>uuuc</span> <span class='ocrx_word' id='word_1_220' title='bbox 579 3078 608 3140; x_wconf 88' lang='lat' dir='ltr'>si</span> <span class='ocrx_word' id='word_1_221' title='bbox 628 3077 774 3140; x_wconf 86' lang='lat' dir='ltr'>iudicium</span> <span class='ocrx_word' id='word_1_222' title='bbox 792 3075 886 3158; x_wconf 79' lang='lat' dir='ltr'>facia,</span> <span class='ocrx_word' id='word_1_223' title='bbox 912 3079 1037 3154; x_wconf 88' lang='lat' dir='ltr'>iuterii,·</span> <span class='ocrx_word' id='word_1_224' title='bbox 1061 3078 1178 3156; x_wconf 85' lang='lat' dir='ltr'>interii,</span> <span class='ocrx_word' id='word_1_225' title='bbox 1203 3077 1346 3152; x_wconf 80' lang='lat' dir='ltr'>silesco,</span> <span class='ocrx_word' id='word_1_226' title='bbox 1370 3081 1467 3137; x_wconf 80' lang='lat' dir='ltr'>tamm-</span> 
     </span>
     <span class='ocr_line' id='line_1_27' title="bbox 362 3179 1480 3263; baseline -0.001 -24"><span class='ocrx_word' id='word_1_227' title='bbox 362 3179 423 3241; x_wconf 82' lang='lat' dir='ltr'>39i</span> <span class='ocrx_word' id='word_1_228' title='bbox 476 3180 551 3260; x_wconf 90' lang='lat' dir='ltr'>heu,</span> <span class='ocrx_word' id='word_1_229' title='bbox 575 3181 674 3244; x_wconf 82' lang='lat' dir='ltr'>lierele</span> <span class='ocrx_word' id='word_1_230' title='bbox 693 3197 842 3263; x_wconf 87' lang='lat' dir='ltr'>praeseus</span> <span class='ocrx_word' id='word_1_231' title='bbox 865 3183 1060 3244; x_wconf 82' lang='lat' dir='ltr'>summumst:</span> <span class='ocrx_word' id='word_1_232' title='bbox 1085 3180 1137 3242; x_wconf 87' lang='lat' dir='ltr'>adi</span> <span class='ocrx_word' id='word_1_233' title='bbox 1158 3182 1237 3242; x_wconf 83' lang='lat' dir='ltr'>iutro</span> <span class='ocrx_word' id='word_1_234' title='bbox 1259 3185 1288 3242; x_wconf 88' lang='lat' dir='ltr'>et</span> <span class='ocrx_word' id='word_1_235' title='bbox 1309 3191 1480 3259; x_wconf 77' lang='lat' dir='ltr'>conprecare.</span> 
     </span>
     <span class='ocr_line' id='line_1_28' title="bbox 363 3283 1459 3365; baseline -0.004 -23"><span class='ocrx_word' id='word_1_236' title='bbox 363 3283 419 3343; x_wconf 82' lang='grc'>604</span> <span class='ocrx_word' id='word_1_237' title='bbox 477 3285 506 3344; x_wconf 87' lang='lat' dir='ltr'>si</span> <span class='ocrx_word' id='word_1_238' title='bbox 527 3286 629 3347; x_wconf 86' lang='lat' dir='ltr'>miuus</span> <span class='ocrx_word' id='word_1_239' title='bbox 652 3304 720 3346; x_wconf 86' lang='lat' dir='ltr'>eum</span> <span class='ocrx_word' id='word_1_240' title='bbox 742 3303 821 3346; x_wconf 85' lang='lat' dir='ltr'>eura</span> <span class='ocrx_word' id='word_1_241' title='bbox 843 3291 897 3346; x_wconf 90' lang='lat' dir='ltr'>aut</span> <span class='ocrx_word' id='word_1_242' title='bbox 919 3295 1010 3347; x_wconf 87' lang='lat' dir='ltr'>eante</span> <span class='ocrx_word' id='word_1_243' title='bbox 1035 3285 1117 3347; x_wconf 76' lang='lat' dir='ltr'>lectas</span> <span class='ocrx_word' id='word_1_244' title='bbox 1141 3283 1283 3365; x_wconf 82' lang='lat' dir='ltr'>lequeudi</span> <span class='ocrx_word' id='word_1_245' title='bbox 1303 3283 1394 3345; x_wconf 86' lang='lat' dir='ltr'>lectus</span> <span class='ocrx_word' id='word_1_246' title='bbox 1413 3285 1459 3340; x_wconf 83' lang='lat' dir='ltr'>est.</span> 
     </span>
     <span class='ocr_line' id='line_1_29' title="bbox 364 3385 1387 3464; baseline 0.005 -18"><span class='ocrx_word' id='word_1_247' title='bbox 364 3385 425 3447; x_wconf 89' lang='grc'>678</span> <span class='ocrx_word' id='word_1_248' title='bbox 477 3385 591 3449; x_wconf 79' lang='lat' dir='ltr'>liberae</span> <span class='ocrx_word' id='word_1_249' title='bbox 612 3395 685 3450; x_wconf 85' lang='lat' dir='ltr'>suat</span> <span class='ocrx_word' id='word_1_250' title='bbox 706 3388 805 3464; x_wconf 83' lang='lat' dir='ltr'>aedes,</span> <span class='ocrx_word' id='word_1_251' title='bbox 831 3385 957 3449; x_wconf 76' lang='lat' dir='ltr'>liberum</span> <span class='ocrx_word' id='word_1_252' title='bbox 982 3395 1081 3451; x_wconf 89' lang='lat' dir='ltr'>autem</span> <span class='ocrx_word' id='word_1_253' title='bbox 1105 3406 1154 3449; x_wconf 90' lang='lat' dir='ltr'>me</span> <span class='ocrx_word' id='word_1_254' title='bbox 1177 3387 1247 3450; x_wconf 84' lang='lat' dir='ltr'>vole</span> <span class='ocrx_word' id='word_1_255' title='bbox 1270 3388 1387 3451; x_wconf 84' lang='lat' dir='ltr'>vivere.</span> 
     </span>
     <span class='ocr_line' id='line_1_30' title="bbox 363 3485 972 3570; baseline 0.003 -21"><span class='ocrx_word' id='word_1_256' title='bbox 363 3491 423 3550; x_wconf 83' lang='lat'>863</span> <span class='ocrx_word' id='word_1_257' title='bbox 477 3492 588 3553; x_wconf 83' lang='lat' dir='ltr'>missus</span> <span class='ocrx_word' id='word_1_258' title='bbox 610 3509 677 3553; x_wconf 89' lang='lat' dir='ltr'>sum</span> <span class='ocrx_word' id='word_1_259' title='bbox 700 3490 805 3570; x_wconf 91' lang='lat' dir='ltr'>aliqua</span> <span class='ocrx_word' id='word_1_260' title='bbox 968 3485 972 3492; x_wconf 84' lang='grc'><strong>’</strong></span> 
     </span>
     <span class='ocr_line' id='line_1_31' title="bbox 363 3591 1436 3675; baseline -0.004 -22"><span class='ocrx_word' id='word_1_261' title='bbox 363 3594 423 3654; x_wconf 88' lang='lat'>883</span> <span class='ocrx_word' id='word_1_262' title='bbox 473 3602 632 3675; x_wconf 86' lang='lat' dir='ltr'>postquam</span> <span class='ocrx_word' id='word_1_263' title='bbox 654 3593 796 3656; x_wconf 86' lang='lat' dir='ltr'>adbibere</span> <span class='ocrx_word' id='word_1_264' title='bbox 817 3613 911 3656; x_wconf 87' lang='lat' dir='ltr'>aures</span> <span class='ocrx_word' id='word_1_265' title='bbox 933 3613 1018 3656; x_wconf 89' lang='lat' dir='ltr'>meae</span> <span class='ocrx_word' id='word_1_266' title='bbox 1040 3603 1110 3656; x_wconf 88' lang='lat' dir='ltr'>tuae</span> <span class='ocrx_word' id='word_1_267' title='bbox 1133 3595 1268 3656; x_wconf 89' lang='lat' dir='ltr'>muriam</span> <span class='ocrx_word' id='word_1_268' title='bbox 1291 3591 1436 3656; x_wconf 74' lang='lat' dir='ltr'>erutonis.</span> 
     </span>
     <span class='ocr_line' id='line_1_32' title="bbox 363 3697 1424 3777; baseline -0.004 -20"><span class='ocrx_word' id='word_1_269' title='bbox 363 3698 426 3757; x_wconf 88' lang='lat'>888</span> <span class='ocrx_word' id='word_1_270' title='bbox 478 3717 513 3759; x_wconf 91' lang='lat' dir='ltr'>ea</span> <span class='ocrx_word' id='word_1_271' title='bbox 537 3697 581 3758; x_wconf 94' lang='lat' dir='ltr'>ibi</span> <span class='ocrx_word' id='word_1_272' title='bbox 605 3699 776 3760; x_wconf 85' lang='lat' dir='ltr'>inmortalis</span> <span class='ocrx_word' id='word_1_273' title='bbox 798 3700 972 3761; x_wconf 83' lang='lat' dir='ltr'>memoriast</span> <span class='ocrx_word' id='word_1_274' title='bbox 995 3699 1166 3760; x_wconf 82' lang='lat' dir='ltr'>meminisse</span> <span class='ocrx_word' id='word_1_275' title='bbox 1189 3705 1216 3759; x_wconf 87' lang='lat' dir='ltr'>et</span> <span class='ocrx_word' id='word_1_276' title='bbox 1238 3699 1424 3777; x_wconf 79' lang='lat' dir='ltr'>sempiterna.</span> 
     </span>
     <span class='ocr_line' id='line_1_33' title="bbox 362 3799 1047 3881; baseline 0.003 -21"><span class='ocrx_word' id='word_1_277' title='bbox 362 3801 424 3860; x_wconf 83' lang='lat'>898</span> <span class='ocrx_word' id='word_1_278' title='bbox 476 3800 573 3881; x_wconf 85' lang='lat' dir='ltr'>lepide</span> <span class='ocrx_word' id='word_1_279' title='bbox 616 3799 714 3863; x_wconf 82' lang='lat' dir='ltr'>hercle</span> <span class='ocrx_word' id='word_1_280' title='bbox 736 3811 863 3863; x_wconf 88' lang='lat' dir='ltr'>ornatae</span> <span class='ocrx_word' id='word_1_281' title='bbox 886 3801 1047 3864; x_wconf 91' lang='lat' dir='ltr'>incedunt.</span> 
     </span>
     <span class='ocr_line' id='line_1_34' title="bbox 343 3904 1056 3987; baseline 0.001 -23"><span class='ocrx_word' id='word_1_282' title='bbox 343 3904 457 3965; x_wconf 77' lang='lat' dir='ltr'>illotis.</span> <span class='ocrx_word' id='word_1_283' title='bbox 472 3907 579 3986; x_wconf 79' lang='lat' dir='ltr'>quoius</span> <span class='ocrx_word' id='word_1_284' title='bbox 602 3923 672 3966; x_wconf 88' lang='lat' dir='ltr'>sum</span> <span class='ocrx_word' id='word_1_285' title='bbox 695 3904 777 3966; x_wconf 85' lang='lat' dir='ltr'>larus</span> <span class='ocrx_word' id='word_1_286' title='bbox 800 3906 900 3968; x_wconf 87' lang='lat' dir='ltr'>Causa</span> <span class='ocrx_word' id='word_1_287' title='bbox 923 3923 1056 3987; x_wconf 74' lang='lat' dir='ltr'>epressa.</span> 
     </span>
     <span class='ocr_line' id='line_1_35' title="bbox 342 4004 1495 4088; baseline -0.009 -21"><span class='ocrx_word' id='word_1_288' title='bbox 342 4007 418 4067; x_wconf 77' lang='lat' dir='ltr'>ttttt</span> <span class='ocrx_word' id='word_1_289' title='bbox 476 4026 570 4087; x_wconf 87' lang='lat' dir='ltr'>quam</span> <span class='ocrx_word' id='word_1_290' title='bbox 601 4026 682 4088; x_wconf 90' lang='lat' dir='ltr'>quae</span> <span class='ocrx_word' id='word_1_291' title='bbox 712 4016 739 4069; x_wconf 90' lang='lat' dir='ltr'>te</span> <span class='ocrx_word' id='word_1_292' title='bbox 767 4008 827 4070; x_wconf 80' lang='lat' dir='ltr'>velt</span> <span class='ocrx_word' id='word_1_293' title='bbox 855 4007 979 4070; x_wconf 85' lang='lat' dir='ltr'>eamdem</span> <span class='ocrx_word' id='word_1_294' title='bbox 1009 4017 1041 4070; x_wconf 90' lang='lat' dir='ltr'>ta</span> <span class='ocrx_word' id='word_1_295' title='bbox 1068 4009 1126 4070; x_wconf 87' lang='lat' dir='ltr'>vis.</span> <span class='ocrx_word' id='word_1_296' title='bbox 1174 4009 1256 4069; x_wconf 90' lang='lat' dir='ltr'>canl.</span> <span class='ocrx_word' id='word_1_297' title='bbox 1283 4004 1495 4069; x_wconf 72' lang='lat' dir='ltr'>Lasamices.</span> 
     </span>
     <span class='ocr_line' id='line_1_36' title="bbox 473 4111 605 4191; baseline -0.008 -18"><span class='ocrx_word' id='word_1_298' title='bbox 473 4130 506 4191; x_wconf 90' lang='lat' dir='ltr'>p.</span> <span class='ocrx_word' id='word_1_299' title='bbox 531 4111 605 4173; x_wconf 76' lang='lat'><strong>27⁴.</strong></span> 
     </span>
     <span class='ocr_line' id='line_1_37' title="bbox 341 4211 1400 4297; baseline 0 -23"><span class='ocrx_word' id='word_1_300' title='bbox 341 4215 417 4275; x_wconf 88' lang='lat' dir='ltr'>llll</span> <span class='ocrx_word' id='word_1_301' title='bbox 430 4233 456 4275; x_wconf 92' lang='lat' dir='ltr'>s.</span> <span class='ocrx_word' id='word_1_302' title='bbox 472 4233 531 4276; x_wconf 90' lang='lat' dir='ltr'>nae</span> <span class='ocrx_word' id='word_1_303' title='bbox 554 4223 585 4277; x_wconf 88' lang='lat' dir='ltr'>tu</span> <span class='ocrx_word' id='word_1_304' title='bbox 607 4215 728 4297; x_wconf 82' lang='lat' dir='ltr'>quidem</span> <span class='ocrx_word' id='word_1_305' title='bbox 750 4211 797 4276; x_wconf 80' lang='lat' dir='ltr'>Aa</span> <span class='ocrx_word' id='word_1_306' title='bbox 819 4234 912 4296; x_wconf 84' lang='lat' dir='ltr'>equas</span> <span class='ocrx_word' id='word_1_307' title='bbox 935 4214 1049 4278; x_wconf 88' lang='lat' dir='ltr'>luisses</span> <span class='ocrx_word' id='word_1_308' title='bbox 1070 4218 1165 4279; x_wconf 88' lang='lat' dir='ltr'>scitus</span> <span class='ocrx_word' id='word_1_309' title='bbox 1188 4216 1400 4279; x_wconf 73' lang='lat' dir='ltr'>admissarius.</span> 
     </span>
     <span class='ocr_line' id='line_1_38' title="bbox 341 4319 1180 4402; baseline 0.005 -24"><span class='ocrx_word' id='word_1_310' title='bbox 341 4319 418 4380; x_wconf 75' lang='grc'>7261</span> <span class='ocrx_word' id='word_1_311' title='bbox 477 4320 520 4380; x_wconf 85' lang='lat' dir='ltr'>ila</span> <span class='ocrx_word' id='word_1_312' title='bbox 542 4319 663 4380; x_wconf 84' lang='lat' dir='ltr'>aru&#39;mus</span> <span class='ocrx_word' id='word_1_313' title='bbox 683 4338 740 4400; x_wconf 88' lang='lat' dir='ltr'>per</span> <span class='ocrx_word' id='word_1_314' title='bbox 763 4320 864 4382; x_wconf 81' lang='lat' dir='ltr'>ecitlos</span> <span class='ocrx_word' id='word_1_315' title='bbox 887 4337 966 4381; x_wconf 88' lang='lat' dir='ltr'>meos</span> <span class='ocrx_word' id='word_1_316' title='bbox 989 4339 1080 4383; x_wconf 90' lang='lat' dir='ltr'>meus</span> <span class='ocrx_word' id='word_1_317' title='bbox 1101 4321 1180 4402; x_wconf 76' lang='lat' dir='ltr'>defit.</span> 
     </span>
     <span class='ocr_line' id='line_1_39' title="bbox 341 4422 1345 4504; baseline 0.006 -23"><span class='ocrx_word' id='word_1_318' title='bbox 341 4422 421 4482; x_wconf 81' lang='lat' dir='ltr'>tam</span> <span class='ocrx_word' id='word_1_319' title='bbox 473 4424 574 4484; x_wconf 87' lang='lat' dir='ltr'>amaia</span> <span class='ocrx_word' id='word_1_320' title='bbox 596 4428 737 4502; x_wconf 82' lang='lat' dir='ltr'>composta</span> <span class='ocrx_word' id='word_1_321' title='bbox 759 4431 832 4486; x_wconf 86' lang='lat' dir='ltr'>sual</span> <span class='ocrx_word' id='word_1_322' title='bbox 853 4441 930 4504; x_wconf 75' lang='lat' dir='ltr'>quae</span> <span class='ocrx_word' id='word_1_323' title='bbox 952 4423 1084 4486; x_wconf 82' lang='lat' dir='ltr'>donavi:</span> <span class='ocrx_word' id='word_1_324' title='bbox 1109 4423 1244 4486; x_wconf 88' lang='lat' dir='ltr'>anlerat.</span> <span class='ocrx_word' id='word_1_325' title='bbox 1343 4447 1345 4452; x_wconf 93' lang='lat'>·</span> 
     </span>
     <span class='ocr_line' id='line_1_40' title="bbox 341 4525 1494 4602; baseline -0.006 -19"><span class='ocrx_word' id='word_1_326' title='bbox 341 4525 422 4586; x_wconf 75' lang='grc'><strong>1388</strong></span> <span class='ocrx_word' id='word_1_327' title='bbox 474 4525 571 4586; x_wconf 89' lang='lat' dir='ltr'>larma</span> <span class='ocrx_word' id='word_1_328' title='bbox 588 4527 672 4588; x_wconf 89' lang='lat' dir='ltr'>enim</span> <span class='ocrx_word' id='word_1_329' title='bbox 689 4525 791 4602; x_wconf 76' lang='lat' dir='ltr'>liuius,</span> <span class='ocrx_word' id='word_1_330' title='bbox 810 4545 918 4602; x_wconf 82' lang='lat' dir='ltr'>uteres,</span> <span class='ocrx_word' id='word_1_331' title='bbox 933 4528 1032 4589; x_wconf 84' lang='lat' dir='ltr'>virtus</span> <span class='ocrx_word' id='word_1_332' title='bbox 1048 4529 1183 4590; x_wconf 84' lang='lat' dir='ltr'>animum</span> <span class='ocrx_word' id='word_1_333' title='bbox 1200 4531 1350 4590; x_wconf 82' lang='lat' dir='ltr'>attinuere</span> <span class='ocrx_word' id='word_1_334' title='bbox 1363 4525 1407 4588; x_wconf 83' lang='lat' dir='ltr'>lie</span> <span class='ocrx_word' id='word_1_335' title='bbox 1419 4531 1494 4585; x_wconf 85' lang='lat' dir='ltr'>tuum.</span> 
     </span>
    </p>
   </div>
   <div class='ocr_carea' id='block_1_3' title="bbox 0 0 1596 5132">
    <p class='ocr_par' dir='ltr' id='par_1_3' title="bbox 0 0 1596 5132">
     <span class='ocr_line' id='line_1_41' title="bbox 0 0 1596 5132; baseline 0 1"><span class='ocrx_word' id='word_1_336' title='bbox 0 0 1596 5132; x_wconf 95' lang='lat' dir='ltr'> </span> 
     </span>
    </p>
   </div>
  </div>
 </body>
</html>
