3156 5132
563 334 732 396 Anausaro.
1169 319 1242 391 323

62 524 216 586 r'ncrderint
244 532 429 603 exurentes,
460 526 596 606 peminae
623 531 723 586 ouum
745 526 899 586 salutares
922 531 951 586 et
969 525 1114 605 prosperi
1136 543 1247 587 cursus

58 629 267 706 praenuntiae,
292 613 431 707 andrum
453 627 587 690 αιίυιιιιιι
606 628 715 710 superi
735 627 838 689 diram
860 627 946 688 illam
968 646 1005 688 cc
1027 628 1174 690 minacem
1190 627 1289 690 acl-ao

59 729 256 810 pollutamque
279 731 443 806 Helenam,
474 738 502 792 et
530 731 565 793 ob
595 731 626 792 id
650 731 764 794 Polluci
791 737 819 791 et
843 731 964 792 Gestari
993 730 1024 791 id
1053 749 1165 792 numen
1191 731 1250 792 od-

59 833 177 914 sryunnl
200 851 308 914 eosqrae
331 835 362 894 in
384 835 468 895 mari
488 834 557 897 deos
579 836 729 896 invocant.
770 853 847 895 usus
862 843 911 895 ast
926 833 977 894 his
993 832 1144 896 Plinianis
1159 834 1250 894 loan-

59 954 114 994 nes
137 935 241 1017 Lydus
269 955 341 997 cnm
369 934 410 997 de
440 938 573 999 ostentis
603 935 716 1016 ωορδ
747 935 824 997 haec
852 936 998 1018 scripsit,
1030 929 1142 1018 ὁμοίως
1169 932 1249 998 ἔστιν

57 1035 174 1121 ἐτέρους
197 1033 324 1123 ιἰστέρας
346 1033 444 1123 εύρεῖν
466 1037 538 1102 ποτέ
561 1037 613 1124 μέν
637 1039 669 1102 ἐν
685 1041 735 1124 γῇ,
761 1035 833 1101 ποτὲ
849 1035 883 1102 δὲ
897 1037 929 1101 έν
946 1033 1082 1123 θαλείττρ
1098 1033 1151 1109 τὰς
1168 1036 1247 1110 ἰδίοις
1326 1091 1330 1100 ,

57 1138 208 1225 ἐνεργείας
236 1135 418 1212 δεικνύντας.
465 1140 513 1204 ἐπί
540 1165 572 1206 τε
600 1138 658 1227 γὰρ
688 1145 906 1227 στρατιωτικῶν
935 1137 1078 1205 ἀκοντίων
1105 1135 1249 1212 πολλάκις

58 1234 203 1327 ὤφθησαν
226 1238 416 1329 ἑριζύνοντες
439 1242 489 1308 ἐπί
509 1268 541 1309 τε
562 1247 619 1309 των
644 1243 742 1309 ἱστίων
764 1247 823 1309 τῶν
846 1247 933 1323 νεῶν,
960 1241 1012 1308 καί
1034 1244 1066 1308 ἑν
1090 1235 1193 1314 ἄλλοις
1216 1241 1249 1306 δὲ

58 1345 167 1430 μέρεσι,
194 1341 314 1432 λιγυρόν
336 1370 365 1412 τι
387 1340 518 1432 σύριγμα
539 1350 760 1434 προσηχοῦντες
782 1344 834 1411 καὶ
857 1343 969 1433 ὀρνέων
992 1345 1078 1432 δίκην
1100 1347 1143 1418 εἰς
1157 1340 1248 1410 τόπον

59 1448 89 1511 ἐκ
116 1445 212 1514 τύπου
233 1453 286 1534 τῆς
307 1445 384 1522 νεὼς
407 1446 636 1535 μεθιστάμενοι,
669 1447 711 1524 ὡς
734 1444 770 1515 ἂν
792 1444 985 1515 καταδύσωσι
1005 1445 1128 1534 ταύτην.
1175 1443 1247 1514 ’ύθεν

60 1549 190 1624 καὶτοῖς
213 1554 381 1639 ξηροτέροις
403 1555 457 1637 τῆς
478 1548 553 1625 νεως
575 1553 752 1638 ἐμπίπτουσι
775 1554 910 1640 μέρεσιν,
940 1553 972 1624 ἐξ
993 1545 1036 1616 ὧν
1059 1553 1249 1636 συντομωτέ-

61 1677 109 1739 ραν
132 1650 214 1728 εἰιιδς
237 1657 381 1740 γενέσθαι
402 1651 455 1742 τήν
477 1651 655 1742 ἐκπύρωσιν.
702 1652 735 1722 τὸ
759 1656 792 1722 δέ
814 1659 947 1723 τοιοῦτον
969 1660 1076 1743 σχῆμα
1098 1647 1166 1740 ἤτοι
1186 1680 1249 1720 κα-

60 1753 191 1843 τάστημα
206 1761 235 1824 οἱ
257 1755 311 1844 την
335 1755 486 1825 θάλατταν
508 1756 785 1845 πλέοντεςἙλένην
801 1763 953 1825 καλοῦσιν.
995 1755 1076 1824 α’λλὰ
1092 1753 1250 1824 κάνταῦθα

61 1857 91 1924 τὰ
116 1863 147 1934 ἐξ
178 1857 271 1947 αύτης
294 1857 314 1948 ἡ
337 1857 463 1948 πρόνοια
492 1861 641 1928 δείκνυσι·
672 1857 725 1928 δύο
747 1859 806 1948 γὰρ
836 1859 957 1949 ἀστέρες
980 1858 1070 1935 εύθύς
1092 1857 1249 1926 κατασκί-

60 1987 158 2029 ττουσι
178 1971 233 2050 τῆς
262 1961 402 2050 τοιαύτης
425 1971 530 2052 φορᾶς,
558 1957 609 2039 ούς
633 1960 776 2051 Κάστορα
798 1963 850 2030 καί
873 1963 1068 2050 Πολυδεύκην
1092 1968 1245 2044 καλοῦσιν,

61 2065 85 2130 οἳ
109 2073 302 2156 παραχρῆμα
322 2064 396 2154 πρὸς
419 2065 517 2155 φυγὴν
539 2065 592 2154 τὴν
615 2069 780 2154 λεγομένην
803 2063 991 2135 ἐλαύνουσιν.
1039 2089 1134 2152 porro
1158 2071 1249 2132 Statii

63 2185 128 2234 snnt
151 2174 183 2235 hi
208 2193 321 2236 versus
343 2167 393 2259 (in
417 2175 514 2236 Silvis
529 2193 562 2236 ιιι
580 2175 635 2236 28
656 2173 791 2256 proferte
814 2174 943 2258 benipna
966 2174 1078 2236 Sidera
1100 2181 1127 2235 et
1142 2181 1250 2236 οιιιειι-

64 2293 111 2336 ιοε
139 2281 258 2359 9emr'no
286 2277 430 2338 considite
452 2296 563 2354 cornu,
598 2275 715 2340 Oebalii
732 2277 872 2358 fratres:
903 2277 986 2340 vobis
1006 2284 1174 2359 ροιιίυιρυε
1193 2297 1250 2358 po-

65 2377 161 2460 lusque
183 2383 305 2458 luceat,
333 2381 447 2442 Iliacae
469 2381 554 2463 lonpe
576 2380 713 2443 nimbosa
735 2382 852 2442 sorore
872 2377 968 2443 Astra
986 2378 1102 2463 lupata,
1124 2398 1247 2460 precor,

65 2488 168 2564 totopre
197 2483 352 2546 excludite
380 2484 472 2546 caclo.
521 2478 682 2569 eiusdem)
715 2485 748 2545 in
777 2481 939 2545 Thebaide
970 2501 1010 2544 ιιι
1032 2482 1158 2560 ratss,
1189 2501 1250 2544 non

65 2585 145 2646 aliter
174 2605 261 2648 οασσο
292 2588 434 2650 nocturni
464 2585 583 2648 turbine
608 2587 680 2648 Cori
700 2588 764 2649 Scit
783 2587 933 2669 'peritura
961 2587 1058 2664 ratis,
1089 2603 1157 2648 curn
1187 2586 1249 2646 iam

66 2686 201 2751 commta
222 2690 340 2752 sororis
363 2692 436 2772 lpne
462 2689 651 2770 Therapnaei
669 2689 818 2772 superent
839 2689 972 2752 carbasa
990 2688 1120 2771 fratres.
1168 2706 1249 2768 quo-

67 2809 128 2852 rum
150 2793 329 2854 Lactantius
356 2792 437 2854 hanc
459 2791 549 2854 dedit
573 2771 888 2874 interpretationem,
920 2793 1037 2855 sororis
1061 2793 1145 2874 ipae:
1176 2792 1249 2872 pura

68 2902 169 2956 πουίοι
195 2915 264 2957 cum
286 2895 406 2958 stellam
427 2896 560 2958 Helenae
582 2896 731 2972 viderint,
762 2913 840 2978 quae
862 2897 979 2957 uranio
999 2894 1129 2970 dicitur,
1161 2895 1248 2956 cunas

68 3003 143 3060 unta
164 3006 207 3060 est
228 3000 276 3060 vir
300 2999 433 3062 incendii
451 3006 487 3061 ut
508 3000 623 3062 ωυίιινι
645 3006 673 3060 et
694 3000 784 3062 navis
807 3001 870 3060 ima
888 2998 1073 3079 pertundet,
1103 3006 1138 3060 ut
1158 2999 1249 3059 etiam

70 3101 94 3159 si
117 3120 166 3164 aer
194 3103 234 3164 sit
255 3100 310 3164 lac
332 3101 433 3164 calore
455 3103 612 3178 solamur,
645 3121 716 3185 erpo
739 3104 768 3165 si
787 3101 861 3164 laec
883 3102 972 3165 stella
993 3103 1069 3163 navi
1090 3101 1245 3174 insederit,

70 3203 158 3266 sciunt
176 3223 208 3266 re
229 3210 343 3266 naulae
365 3205 431 3267 sine
453 3204 543 3268 dubio
562 3208 736 3286 perituros:
760 3213 868 3268 contro
884 3205 1043 3267 Οοεεοινιιιι
1057 3205 1163 3267 sidero
1177 3211 1250 3266 sunt

71 3291 272 3390 αουὶρσιιίιθιιε
295 3307 460 3369 salutaria.
506 3309 651 3370 uraniam
675 3309 756 3370 hanc
777 3308 899 3370 stellam
922 3307 1004 3370 dixit
1027 3309 1122 3370 etiam
1138 3307 1248 3388 Olym-

72 3407 205 3484 piodorus
220 3409 408 3490 Thebaicus,
433 3430 473 3472 ex
490 3411 581 3472 euius
597 3411 727 3472 historia
745 3411 872 3473 Photins
889 3413 921 3473 in
936 3411 1129 3473 Bibliotheca
1147 3429 1177 3490 p.
1194 3411 1250 3471 62·

69 3509 151 3573 Bekk.
176 3514 255 3576 haec
277 3514 447 3594 excripsit,
472 3503 519 3576 δτι
540 3507 618 3576 κατὰ
642 3507 797 3576 θάλασσαν
820 3507 918 3577 πολλὰ
940 3509 1047 3576 παθιύν
1072 3507 1088 3577 δ
1111 3535 1248 3598 συγγρα-
1282 3518 1283 3529 ’

72 3609 131 3688 pst<
159 3610 243 3698 μύλις
275 3609 468 3685 διασώζεται.
515 3615 547 3679 ἐν
571 3607 597 3700 ᾧ
619 3611 670 3679 καὶ
699 3609 767 3700 περί
797 3611 919 3701 ἀστέρος
941 3612 1020 3688 τινὸς
1042 3615 1243 3701 τερατολογεῖ,

72 3713 257 3801 ἐπιβρίσαντος
286 3721 330 3804 τῷ
353 3716 435 3803 ἱστίῳ
457 3721 510 3782 τοῦ
531 3716 652 3798 πλοίου,
687 3717 806 3802 μέλλειν
831 3714 938 3792 αύτούς
962 3718 1158 3805 βυθίζεσθαι·
1190 3713 1248 3783 ού·-

74 3818 162 3898 ρανίαν
191 3818 225 3885 δὲ
253 3817 287 3885 τὸ
313 3819 406 3908 φανὲν
428 3817 512 3907 παρὰ
533 3824 591 3886 τῶν
615 3824 731 3886 ναοτιῖιν
754 3821 928 3886 καλεῖσθαι.
974 3822 1031 3886 ubi
1054 3821 1173 3906 μέλλειν
1197 3825 1248 3885 in-

75 3921 163 4004 tellegi
193 3926 324 4006 nequit,
360 3943 473 3988 verum
496 3943 566 3988 esse
590 3935 693 4005 potest
716 3925 802 4006 qued
825 3926 1019 3990 Niebuhrius
1041 3925 1247 3988 scribendum

75 4041 129 4086 essa
150 4029 283 4090 coniecit
306 4025 426 4112 μέλλον,
453 4029 667 4092 nominativus
690 4048 787 4110 quem
801 4029 913 4092 dicunt
928 4029 1119 4092 absolutum.
1161 4039 1248 4092 cate-

77 4143 141 4206 rum,
165 4141 198 4193 ut
221 4149 261 4192 ex
278 4132 492 4212 Stephaniano
508 4132 668 4196 Thesauro
691 4131 800 4212 didici,
826 4133 887 4196 alia
910 4133 1004 4195 etiam
1027 4143 1059 4196 et
1074 4134 1180 4215 paullo
1196 4133 1248 4194 di-

76 4245 151 4292 versa
172 4235 400 4315 significatione
424 4227 567 4320 ούρανίαν
590 4235 705 4298 dietam
729 4255 798 4299 esse
821 4235 954 4317 adparet
976 4255 1017 4298 ex
1031 4235 1247 4319 olympiodori

77 4329 263 4400 Alexandrini
287 4340 522 4401 commentariis
545 4339 794 4420 meteorologicis
817 4360 849 4420 p.
869 4333 902 4400 ib
922 4337 994 4401 Ald.
1025 4337 1120 4422 (apud
1143 4338 1247 4401 ldclc-

79 4450 135 4496 rum
155 4447 176 4500 t.
193 4459 203 4502 1
225 4461 256 4524 ρ.
278 4439 365 4524 435),
390 4432 511 4514 τούτους
535 4439 569 4506 δὲ
590 4437 658 4516 τούς
680 4444 820 4530 τυφῶνας
841 4437 893 4505 καί
908 4439 1040 4530 σίρωνας
1055 4445 1182 4512 καλοῦσι
1195 4437 1246 4511 διὰ
