3160 5132
327 340 396 412 152
461 413 466 421 ,
581 353 790 418 mammona
812 373 905 418 mnne
926 375 985 418 urin
1006 375 1248 422 matranorum.

387 547 566 628 repetisset,
590 554 774 608 veementer
790 565 808 608 e
822 547 978 609 contrario
993 545 1171 628 negabatur
1184 557 1217 611 et
1231 546 1309 612 dum
1323 551 1363 614 ad
1376 552 1482 632 signum

387 645 463 709 fidei
492 647 646 710 iacentem
677 649 709 710 in
739 650 791 712 via
818 647 956 731 lapidem
985 648 1076 712 dives
1104 649 1293 733 doloresque
1323 655 1484 735 repentinos

386 750 582 815 credulitatis
603 753 754 814 memoria
776 753 1002 834 proclamaret,
1035 753 1132 816 nullis
1154 773 1354 837 nequaquam
1376 755 1484 820 indiciis

385 853 546 935 praedone
568 856 720 935 molosso,
745 856 892 918 attonitos
914 857 999 918 inter
1021 856 1118 918 animi
1140 845 1244 921 motus
1264 857 1417 940 perfidum
1429 861 1485 941 spi-

342 959 361 1018 5
386 959 482 1020 ritum
512 957 725 1022 scrutabunda
755 959 869 1022 iudicis
896 960 1010 1023 astutia
1038 970 1241 1041 percontatur
1269 963 1373 1045 adque
1397 963 1486 1044 inquit

385 1062 522 1141 parasito
553 1062 669 1142 ‘perge
698 1062 818 1124 citatim
846 1071 879 1125 et
900 1063 963 1125 buc
984 1082 1096 1126 saxum
1118 1063 1203 1146 quod
1224 1065 1316 1128 vobis
1337 1065 1487 1128 comitibus
1562 1113 1563 1128 .

384 1165 522 1227 occurrit
551 1163 683 1245 rapidus
711 1183 901 1245 praecursor
927 1165 1069 1247 adporta.
1115 1166 1156 1229 ab
1184 1187 1220 1229 eo
1247 1170 1332 1230 enim
1355 1168 1434 1250 quod
1453 1168 1485 1230 de
1562 1199 1563 1206 ο

385 1276 507 1330 secreto
539 1267 659 1349 lapidis
684 1286 851 1348 quaeram:
884 1269 985 1332 solent
998 1271 1093 1332 enim
1114 1269 1194 1332 mibi
1216 1271 1312 1334 etiam
1333 1271 1487 1334 inanimata

384 1370 548 1433 confiteri)
593 1378 670 1433 tunc
697 1371 822 1434 animus
850 1372 983 1435 crimine
1006 1391 1081 1436 reus
1103 1375 1270 1456 repentina
1291 1375 1405 1457 rigoris
1423 1393 1488 1436 voce

323 1475 361 1537 40
384 1473 530 1537 turbatus
559 1474 783 1538 conscientiam
812 1494 901 1538 suam
923 1484 1033 1538 tencre
1054 1495 1118 1539 non
1141 1479 1243 1558 potuit
1264 1477 1369 1561 adque
1391 1478 1490 1558 ingens

263 1584 312 1630 ⁶³⁸
387 1597 497 1642 saxum
526 1597 586 1640 nec
607 1577 772 1660 quadrigis
793 1577 910 1642 adduci
933 1563 1031 1660 posse¹
1055 1579 1217 1644 confessus
1239 1593 1288 1645 est
1310 1591 1342 1645 et
1363 1582 1489 1644 testimo

385 1681 475 1745 nium
496 1682 635 1745 accusati
657 1701 695 1745 ea
716 1682 923 1763 pertinaciter
945 1700 1027 1764 quae
1049 1682 1186 1764 negabat
1207 1701 1265 1746 sua
1287 1703 1322 1748 se
1338 1704 1412 1749 reus
1424 1703 1488 1748 voce

384 1783 557 1850 damnavit.

632 1888 678 1950 lle
701 1889 748 1950 rei
772 1889 929 1954 maniiesti
952 1888 1161 1953 absolutione.

323 2009 361 2070 45
385 2007 519 2082 Quidam
542 1991 707 2071 manilesto
730 2009 863 2072 crimine
885 2010 1010 2092 capitali
1033 2011 1192 2072 sententia
1214 2019 1378 2074 accusatus
1398 2013 1490 2094 prius-
1562 2069 1563 2084 ,

385 2131 481 2193 quam
502 2114 607 2176 severi
631 2111 745 2176 indicis
762 2114 1019 2194 pronuntiatione
1035 2115 1193 2176 mortisia
1208 2114 1398 2196 supplicium
1414 2113 1491 2177 dam-
1562 2170 1563 2202 3

386 2225 517 2278 naretnr
547 2216 711 2297 paululum
744 2214 961 2297 pendentibus
995 2215 1066 2279 latis
1094 2217 1209 2279 Honori
1243 2217 1397 2280 auxilium
1427 2237 1491 2280 eon·

384 2321 554 2402 templatus
576 2328 612 2382 ut
635 2321 664 2382 ei
677 2321 720 2382 ‘in
743 2321 894 2383 extremis
909 2330 1111 2383 succurreret
1126 2321 1278 2384 exoravit.
1318 2320 1490 2402 quemdum

384 2443 441 2507 pro
470 2423 623 2486 tribunali
652 2422 767 2487 sedens
796 2424 828 2486 in
859 2443 966 2487 vocem
988 2442 1198 2506 prorumpere
1221 2424 1304 2487 veile
1327 2429 1489 2508 conspexit,
1562 2493 1563 2502 ἦ

321 2527 557 2592 scarbimirus
590 2547 645 2590 reo
677 2527 803 2591 veniam
835 2538 1017 2608 rogaturum
1047 2547 1106 2610 per
1135 2528 1182 2590 rei
1213 2527 1360 2609 publicae
1388 2537 1489 2592 statum

385 2625 576 2713 imperiique
599 2631 779 2694 felicitatem
802 2651 836 2694 sc
859 2633 929 2695 iure
952 2630 1085 2694 iurando
1108 2632 1296 2695 constrinxit
1309 2651 1372 2695 non
1387 2631 1419 2695 id
1432 2631 1488 2692 fieri

386 2734 471 2816 quod
493 2735 649 2801 Honorius
670 2745 868 2818 precaretur.
915 2745 992 2798 tunc
1015 2737 1042 2798 is
1058 2735 1194 2798 oblatam
1209 2737 1340 2816 capiens
1354 2735 1488 2817 temporis

385 2837 565 2902 facultatem
598 2848 635 2901 ut
668 2857 743 2902 reus
774 2838 973 2902 occideretur
1004 2847 1129 2901 servato
1158 2838 1347 2902 sacramenti
1376 2837 1487 2901 loedere

383 2943 588 3024 proclamavit
617 2961 717 3024 eoque
741 2951 916 3007 commento
938 2941 1064 3024 capitali
1086 2942 1242 3024 supplicio
1264 2961 1340 3007 reus
1360 2951 1489 3007 servatus

320 3045 360 3108 25
384 3054 432 3109 est
453 3045 626 3108 absolutus.

448 3184 493 3246 lle
515 3194 657 3246 matrona
678 3183 821 3246 absoluta
839 3201 924 3264 ,quae
947 3199 1004 3246 sua
1025 3191 1187 3246 menstrua
1210 3183 1243 3245 in
1267 3182 1351 3248 iente

497 3286 626 3350 Claudio
648 3287 757 3351 lavans
779 3286 940 3369 lapidibus
960 3285 1138 3350 ducebatur
1160 3287 1292 3350 exitium

816 3389 974 3454 subitura.

384 3511 545 3586 Quaedam
574 3513 784 3575 Romanamm
811 3511 1008 3575 nobilissima
1034 3511 1206 3575 mulierum
1235 3511 1313 3576 dum
1342 3521 1487 3576 menstrua

406 3722 431 3774 4.
451 3723 621 3774 veementer:
647 3736 669 3772 s.
690 3722 839 3773 beelmeon
862 3733 924 3770 som
941 3721 1018 3771 teor.
1045 3733 1067 3770 s.
1091 3723 1148 3771 ist.
1168 3715 1221 3786 114.
1241 3732 1425 3785 nequaoquam
1442 3717 1466 3768 s.
1481 3714 1488 3778 l!

320 3811 345 3857 5.
367 3806 557 3858 scrudebunde
572 3807 599 3858 S.
619 3805 629 3874 ΙΙ
648 3811 673 3859 e.
693 3807 843 3872 periecitim
858 3807 884 3856 S.
904 3803 915 3872 ΙΙ
933 3809 957 3856 i.
978 3807 1278 3858 &sermocinamini
1296 3807 1343 3858 der
1359 3810 1487 3857 rotam

320 3907 382 3944 moe
399 3892 472 3959 quod
487 3894 543 3944 nori
560 3891 657 3960 lepidis
674 3893 789 3954 sacient,
808 3893 871 3944 eber
888 3893 1039 3944 schweriicli
1055 3893 1149 3956 marro
1161 3893 1316 3957 terpestotit.
1331 3890 1341 3958 ΙΙ
1353 3897 1377 3943 t.
1391 3893 1430 3940 to.
1443 3900 1483 3938 oo-

319 3983 397 4031 cetur
415 3982 493 4032 natus
506 3980 534 4031 S.
560 3981 646 4031 bercer
663 3984 736 4030 wore
753 3979 909 4044 repentinae
927 3980 1019 4043 uigore
1037 3979 1112 4029 vocis
1130 3978 1262 4030 turbatus.
1275 3976 1286 4044 ΙΙ
1299 3981 1339 4029 44.
1359 3971 1485 4042 neqnndri·

320 4065 361 4129 gis
380 4065 406 4116 S.
434 4061 444 4133 ll
468 4068 509 4116 44.
529 4067 630 4117 aeusati
650 4065 677 4116 S.
703 4066 764 4115 does
787 4068 823 4116 im
844 4064 983 4130 impendeo
1007 4070 1088 4116 etwas
1111 4063 1272 4128 ousqefoiieo
1288 4065 1323 4116 ist
1339 4065 1430 4115 scient
1444 4073 1485 4108 aa·

320 4151 486 4215 swcilellori.
523 4152 648 4202 victieieltt
659 4151 722 4213 [elit
734 4151 816 4202 riurei
827 4154 869 4201 eto
880 4155 908 4202 in
919 4153 1005 4202 dieser
1016 4150 1176 4213 ltccdmlrrt‘ii
1188 4151 1305 4216 Menos
1316 4150 1484 4212 thermon

321 4237 453 4288 dioiicier
478 4239 559 4289 abac
586 4235 692 4302 aperuit
714 4237 843 4288 sweviae
867 4250 899 4288 ea
921 4239 976 4288 cod
999 4237 1171 4302 pertinaciter
1193 4237 1248 4286 und
1270 4249 1303 4287 ac
1325 4237 1386 4287 oder
1406 4246 1434 4284 ac
1453 4231 1484 4281 sie

321 4323 451 4374 zteimicn
474 4321 588 4388 negabat
613 4323 668 4372 eod
684 4333 741 4373 aun.
769 4323 780 4390 li
806 4327 848 4374 tt.
872 4323 1065 4389 capitalisentie
1092 4323 1120 4375 S.
1149 4320 1159 4388 ΙΙ
1183 4324 1227 4388 Ι444,
1254 4321 1414 4374 succurrerit
1434 4313 1484 4380 Sl
1562 4391 1563 4394 Ἴ

321 4411 364 4459 ro.
384 4410 503 4460 uturum
524 4409 551 4460 s.
570 4406 581 4476 q
597 4412 640 4458 ar.
660 4407 718 4458 rare
737 4407 879 4459 tamarum
899 4409 926 4460 s.
945 4406 1072 4477 urana
1090 4407 1172 4460 ouran
1189 4407 1300 4474 epioni
1318 4396 1483 4462 ubinamst
1562 4401 1563 4486 j

322 4498 365 4546 rt.
380 4493 518 4548 occidetur
528 4495 555 4548 S.
567 4491 629 4563 liti.
640 4493 771 4546 iubenes.
783 4491 793 4562 ll
801 4493 943 4547 ducibetur
953 4495 980 4548 S.
991 4491 1002 4563 ll
1010 4498 1052 4546 aa.
1066 4507 1240 4548 romanorum
1252 4481 1482 4548 concremandi
1562 4503 1563 4560 i
