3178 5136
347 390 421 463 496
739 405 781 465 Ex
805 421 901 466 anans
924 405 1131 467 lincolinensi.

349 595 456 676 aliquo
478 595 526 656 vei
547 593 609 674 ipsi
630 593 677 655 iiii
697 591 828 654 barbari
850 609 923 674 puos
934 591 1070 675 fugiebat
1085 589 1261 654 inriderent.
1297 590 1432 670 inpressa
1444 590 1500 650 elin

349 697 540 777 exemplaria
563 705 690 757 secutus
712 704 761 757 est
783 695 903 757 Keilius
932 713 1004 757 cum
1033 694 1162 776 scripsit
1189 712 1258 756 cum
1281 691 1402 756 abactus
1422 691 1501 772 torpi-

348 808 409 861 tum
432 805 600 860 accerseret.
640 795 698 858 sed
721 798 798 859 haec
820 814 882 858 non
906 796 1065 878 intellego.
1107 814 1213 877 neque
1242 795 1387 876 hospitum
1408 791 1502 856 Ιιεὴειιι

348 899 422 962 libri
445 901 612 963 Vaticanus
636 909 667 961 at
688 897 951 978 vindobonensis,
987 898 1045 961 sed
1072 899 1246 979 hospitium,
1281 908 1347 960 tum
1367 895 1503 959 Vindobo

347 1004 456 1065 nensis
479 1023 541 1065 non
565 1010 730 1080 eece-roera,
757 1000 814 1064 sed
836 1010 987 1065 exereret.
1019 1019 1133 1064 vereor
1154 1011 1260 1064 autem
1282 1019 1323 1063 nc
1345 1001 1402 1062 hoc
1421 1001 1502 1081 ipsun

348 1105 467 1168 Plinius
495 1105 675 1186 scripserit,
711 1123 779 1166 cum
800 1103 924 1166 abactis
953 1103 1113 1185 hospitium
1134 1111 1289 1180 emereret,
1325 1102 1359 1166 id
1387 1113 1431 1165 est
1449 1120 1503 1164 cun

346 1208 455 1271 abacta
478 1227 592 1289 pecora
608 1207 777 1288 hospitium
793 1226 855 1289 quo
870 1207 1066 1269 Domitianus
1081 1217 1229 1288 acceptus
1244 1217 1329 1268 esset
1343 1204 1501 1287 proderent.

347 1310 464 1373 deinde
487 1311 648 1373 inciderint
669 1308 875 1372 scribendum
904 1328 974 1372 esse
997 1310 1130 1371 coniecit
1152 1310 1371 1372 Schwarnius:
1409 1307 1505 1370 rectus

347 1415 409 1476 erit
430 1413 617 1476 incidissent.

434 1517 537 1597 Pergit
556 1516 685 1578 'Plinius
714 1516 771 1595 ita,
807 1514 1056 1597 persuadendum
1080 1515 1250 1596 provinciis
1278 1523 1347 1578 erat
1373 1514 1444 1578 iilud
1462 1515 1506 1574 iter

346 1621 511 1682 Domitiani
535 1619 650 1699 samse,
685 1637 745 1680 aon
769 1619 931 1699 principis.
978 1619 1079 1704 itaque
1107 1637 1166 1679 non
1194 1625 1256 1679 tom
1274 1636 1333 1699 pro
1356 1626 1408 1679 tuo
1426 1616 1506 1699 picria

347 1741 438 1804 quam
458 1741 516 1803 pro
537 1721 666 1783 utilitate
688 1721 838 1782 mmmuni
858 1719 951 1783 edicto
973 1719 1126 1783 subiecisti
1145 1720 1218 1801 quio
1240 1722 1273 1781 in
1293 1727 1448 1801 utrumque
1466 1735 1507 1778 oe-

346 1833 444 1886 strum
465 1831 541 1887 esset
563 1824 741 1905 impensum.
773 1823 935 1885 actsucsoat
955 1823 1120 1903 imperator
1141 1839 1210 1885 cum
1232 1823 1357 1903 impcrr'o
1379 1820 1507 1884 mimum

342 1945 475 2007 ponere:
498 1928 543 1988 sic
564 1933 664 2005 emeat,
690 1925 734 1988 sic
756 1925 870 2000 redeat,
897 1933 1050 2006 mmqaam
1072 1926 1220 1987 rationem
1242 1921 1508 1987 redditumrs1edi·

345 2036 394 2092 cat
415 2028 487 2110 quid
509 2027 729 2110 assumpserim
753 2029 797 2089 ito
815 2028 867 2107 fiet
885 2034 919 2089 ut
939 2045 1000 2088 non
1015 2025 1154 2090 absumat
1167 2026 1246 2108 puori
1263 2027 1380 2108 perdent
1393 2027 1506 2088 mamre:

342 2139 505 2212 praetereo
524 2129 627 2212 futuri
643 2130 810 2210 principes,
836 2130 929 2192 veiint
949 2129 1055 2207 nolint,
1087 2131 1186 2192 sciant
1208 2131 1286 2192 tanti
1306 2137 1391 2191 tuum
1412 2133 1508 2192 constet

342 2233 564 2314 propositisque
585 2231 699 2294 duobus
722 2232 869 2312 cuempiis
898 2233 1088 2294 meminerint
1111 2231 1240 2313 perinde
1267 2230 1508 2295 coniecturomde

345 2334 479 2398 moribus
501 2336 566 2398 suis
594 2334 726 2397 homines
749 2351 813 2397 esse
837 2333 975 2413 sooturos
1002 2342 1097 2416 prout
1123 2335 1176 2397 lioc
1202 2335 1250 2398 vet
1272 2335 1351 2398 iilud
1372 2335 1505 2418 etegerit.

345 2456 451 2518 neque
481 2440 558 2500 tanti
579 2444 664 2500 mum
685 2445 801 2499 constat
831 2437 970 2517 intellegi
1000 2447 1103 2517 potest
1130 2455 1237 2517 neque
1260 2435 1429 2500 laudabilia
1449 2445 1508 2498 sunt

345 2559 426 2621 quae
454 2541 597 2602 homines
625 2539 709 2628 docti
737 2540 965 2620 excogitarunt.
1011 2537 1216 2602 scribendum
1243 2550 1293 2602 est
1321 2542 1421 2603 scierit
1439 2547 1507 2602 omn

344 2645 423 2706 tanti
442 2651 569 2719 constat,
594 2641 628 2704 id
650 2651 699 2702 est
721 2641 806 2722 quod
828 2641 861 2703 in
885 2640 986 2703 edicto
1009 2650 1062 2702 tuo
1084 2643 1217 2722 posuisti
1233 2653 1387 2722 quantum
1409 2644 1439 2704 in
1459 2641 1507 2702 llo

344 2747 466 2809 mitiani
490 2747 561 2825 iter,
586 2755 740 2826 quantum
763 2745 795 2805 in
819 2755 907 2806 tuum
931 2744 1100 2823 inpensum
1121 2755 1215 2808 osset.

431 2849 505 2929 Cap.
524 2850 577 2911 23.
601 2855 636 2910 ut
656 2847 775 2928 quidem
790 2846 884 2908 isdem
898 2847 1031 2927 vmtipir's
1046 2847 1184 2909 institisti
1196 2847 1304 2929 quitos
1322 2866 1438 2930 parens
1451 2855 1508 2908 mos

345 2954 450 3034 impons
478 2951 555 3013 illud
588 2949 711 3012 deorum
741 2949 922 3030 prolaturus
956 2967 1123 3026 arcanum,
1159 2969 1238 3032 quoe
1266 2951 1507 3013 circumstoatiom

344 3053 468 3136 pendia,
494 3071 584 3134 mom
606 3071 711 3114 recens
733 3052 856 3129 clamor,
883 3069 973 3133 quom
995 3052 1105 3114 similis
1122 3052 1169 3114 illi
1187 3052 1250 3114 dies
1265 3054 1318 3135 qui
1332 3053 1412 3115 tuoe
1423 3051 1508 3134 penui

345 3155 433 3217 diem.
480 3174 542 3216 non
565 3174 644 3235 opus
666 3164 733 3216 orat
761 3153 886 3216 adferre
910 3154 1004 3234 Lipsii
1035 3173 1129 3236 quom
1150 3173 1259 3236 repens
1281 3156 1415 3217 sternar:
1448 3172 1506 3214 non

344 3259 546 3320 verissimum
561 3268 609 3319 est
623 3275 727 3320 recens
743 3257 904 3337 multoque
921 3275 1014 3336 quam
1032 3255 1111 3318 illud
1127 3257 1250 3320 melius.
1277 3267 1363 3320 recte
1379 3257 1508 3320 Schwar-

345 3363 413 3422 zius
435 3361 617 3441 conparavit
637 3359 722 3440 quod
745 3378 761 3420 a
779 3360 875 3420 Plinio
892 3359 951 3439 Ep.
969 3377 999 3419 m
1014 3361 1033 3419 9
1051 3359 1089 3422 tt
1114 3361 1342 3440 scriptumest,
1368 3359 1505 3422 invenito

344 3470 456 3525 erectos
478 3463 594 3524 caimos
616 3469 753 3538 senatus,
779 3465 822 3524 ito
843 3469 985 3536 recentes,
1010 3468 1045 3522 ut
1063 3463 1168 3542 priore
1190 3464 1307 3524 acrone
1322 3464 1441 3525 taccat
1452 3478 1506 3520 ma-

343 3567 390 3648 pis
413 3583 504 3646 quam
526 3566 632 3626 satiati
652 3565 840 3626 videreretur.
872 3563 928 3626 sed
944 3583 1016 3626 mox
1030 3562 1151 3626 laborat
1165 3566 1275 3644 oratio,
1300 3585 1404 3646 neque
1426 3561 1506 3645 probo

337 3667 430 3747 ‘quod
452 3669 590 3729 Liuineio
612 3667 729 3746 placuit
751 3683 841 3747 mom
863 3667 971 3729 similis
994 3667 1042 3728 ilii
1064 3667 1126 3730 diei
1146 3668 1200 3749 qui
1220 3667 1300 3730 iuno
1321 3671 1422 3750 pensat
1439 3666 1503 3727 ctu.

344 3770 586 3832 concinnitatem
601 3767 777 3830 uerborum
801 3769 844 3830 ita
865 3770 970 3849 potius
992 3771 1205 3850 restituemus,
1234 3788 1326 3851 prom
1347 3770 1449 3833 simitu
1468 3765 1507 3827 iili

305 3860 308 3866 ’
344 3874 397 3953 pai
417 3871 496 3935 liunc
523 3873 625 3956 penuit
653 3872 728 3934 dies.
775 3873 986 3933 accusativum
1021 3881 1189 3953 pepererat
1217 3873 1337 3956 pauci,
1372 3869 1505 3935 tundier

346 3984 431 4037 recte
453 3973 660 4056 adscriptum,
686 3973 825 4054 denique
849 3973 881 4035 id
903 3973 1005 4034 alieno
1027 3973 1093 4036 loco
1116 3975 1269 4038 insertum
1292 3965 1360 4038 est.¹
1528 4021 1531 4029 -

303 4096 334 4142 es
431 4077 506 4158 Cap.
525 4077 577 4138 32.
603 4084 632 4139 et
652 4077 734 4140 cocto
755 4076 875 4158 quidem
896 4095 1062 4158 numquam
1083 4076 1252 4160 benipnitos
1275 4085 1359 4140 tanta
1374 4085 1504 4138 atomum

344 4180 436 4241 simoi
458 4187 558 4242 terras
580 4179 695 4242 noeros
713 4178 891 4262 foveatque:
928 4178 976 4241 iiic
997 4179 1134 4243 omnibus
1158 4182 1283 4262 pariter
1303 4182 1333 4243 si
1351 4199 1406 4241 raon
1425 4178 1506 4239 stem·

345 4283 468 4359 iitotem,
493 4291 526 4345 ot
546 4283 632 4345 moto
653 4283 823 4344 sterilitatis
845 4281 1009 4359 eoeturbot5
1042 4282 1091 4346 tte
1112 4285 1142 4344 si
1160 4301 1222 4344 non
1240 4282 1453 4362 fecunditates,
1477 4285 1505 4336 ct

344 4384 421 4446 bono
440 4383 637 4464 fecunditatis
660 4387 822 4466 importot;
845 4383 893 4448 tic
914 4385 1043 4448 alternis
1058 4386 1270 4449 commeatibus
1284 4387 1418 4448 orientur
1437 4379 1504 4441 owi-

344 4486 517 4569 dcntempue
539 4487 670 4564 conectit,
705 4496 739 4549 nt
760 4506 838 4570 qaae
856 4486 1002 4566 seruntur
1024 4506 1158 4572 paceque
1179 4496 1364 4572 eepemntm
1383 4471 1443 4568 opes
1461 4482 1504 4540 in·
