3182 5132
343 403 416 477 476
739 417 782 479 Eu
804 435 900 478 nanas
924 419 1133 478 Banoutnsnsi.

343 609 375 668 in
397 607 452 668 tali
476 625 569 668 cansa
600 607 641 668 ita
668 606 854 685 loqueretur
880 607 957 667 satis
984 614 1112 666 caveret
1140 622 1182 665 nc
1211 602 1423 664 Callimachum
1442 599 1497 678 quis

343 710 554 790 intellegeret,
580 707 699 770 Probus
722 718 827 770 autem
849 708 955 788 paullo
977 717 1069 770 antea
1085 707 1324 768 Eratosthenem
1345 706 1385 766 its
1403 720 1499 763 meno

343 813 425 874 ravit
439 823 476 874 ut
498 813 550 872 bic
564 810 657 873 valde
675 812 783 891 inepte
803 811 985 890 scripsisset
1008 809 1194 890 Cyrenaeas,
1220 828 1335 889 neque,
1359 803 1434 888 quad
1447 805 1499 865 sani

343 925 412 977 erat
434 916 581 994 bominis,
608 914 687 977 idem
709 913 931 976 Eratosthenes.

429 1019 463 1079 ln
488 1018 697 1097 Prognosticis
719 1017 833 1078 Avieni
857 1015 972 1078 iudea
996 1033 1026 1076 v.
1048 1016 1108 1076 tst
1132 1016 1211 1078 haec
1233 1015 1387 1095 leguntur,

521 1119 574 1181 loc
596 1119 675 1201 qaod
695 1127 831 1200 protento
854 1119 934 1181 vehit
955 1120 1060 1200 irpeas
1082 1118 1216 1180 mandas
1239 1105 1333 1178 iauoi'

521 1241 598 1283 aera
619 1240 725 1284 ramea
748 1220 845 1301 labet,
870 1221 951 1304 qaod
972 1223 1074 1302 spirat
1095 1222 1225 1302 caespite
1247 1221 1334 1283 tellas

519 1324 624 1386 atthila
647 1323 801 1404 dr'cantvr,
828 1325 946 1386 caelvm
968 1342 1073 1404 svper,
1098 1323 1332 1400 aulaearum,

519 1429 580 1489 aar·
600 1435 788 1508 compactam
810 1426 1010 1488 convolvitur.

342 1531 453 1606 Grotii,
478 1542 515 1593 ut
529 1529 666 1608 videtur,
694 1540 905 1591 commentum
923 1540 972 1591 est
986 1529 1065 1592 illud
1084 1530 1145 1591 aoer'
1157 1537 1354 1610 campestrem,
1379 1538 1408 1590 et
1421 1538 1504 1588 tamen

343 1634 486 1714 ineptum
509 1642 568 1694 est.
609 1632 695 1694 nullo
724 1632 810 1693 eninr
841 1631 932 1694 modo
960 1633 1163 1713 conpingitnr
1189 1631 1312 1694 coelum
1333 1631 1396 1693 axi.
1430 1629 1506 1690 nimi·

343 1755 413 1798 rura
437 1734 638 1797 scribebatur
660 1745 752 1796 antea
776 1753 862 1795 aava
883 1743 1085 1816 compactam,
1117 1733 1201 1815 quod
1225 1753 1301 1796 sane
1324 1734 1505 1814 depravatum

343 1847 400 1918 est,
428 1838 484 1900 sed
508 1839 599 1917 longe
622 1837 715 1898 aliter
738 1836 985 1900 emendandum.
1016 1838 1103 1898 Valla
1126 1839 1211 1900 enim
1235 1839 1294 1899 boc
1316 1835 1411 1913 dedit,
1434 1831 1506 1895 lna

342 1942 446 2002 deoteo
468 1943 671 2003 aooaolaitar.
712 1949 834 2002 certum
859 1949 907 2002 est
930 1940 1027 2020 igitur
1049 1939 1257 2002 scribendum
1281 1959 1350 2002 esse

724 2044 843 2105 caelum
865 2061 970 2124 nuper,
997 2043 1073 2105 avla
1094 2043 1231 2122 annom,

518 2163 574 2206 axe
597 2144 784 2208 adamantes
807 2146 1007 2208 convolvitur.

342 2247 498 2311 Ovidiana
528 2257 560 2308 et
589 2248 755 2310 Maniliana
784 2267 860 2311 voce
889 2249 991 2310 utitur
1018 2248 1160 2312 Avienus
1189 2249 1285 2310 etiam
1314 2267 1346 2308 v.
1365 2249 1434 2324 229,
1468 2245 1507 2306 Sol

342 2352 425 2413 dara
446 2349 604 2413 obstacula
624 2352 746 2430 primas
763 2351 867 2412 Carra
883 2351 1065 2414 wemoster
1080 2358 1202 2413 reserat
1212 2359 1315 2432 pater.
1348 2352 1412 2412 axis
1424 2359 1509 2410 autent

342 2455 395 2516 ille
418 2454 625 2516 adamantcus
648 2453 680 2513 in
705 2463 843 2515 mentem
859 2464 986 2516 revocat
1008 2454 1112 2516 fusum
1128 2452 1367 2516 adamantinum
1383 2451 1506 2524 Platonis,

342 2556 382 2618 de
412 2575 474 2636 quo
502 2556 652 2617 mirificas
684 2556 849 2636 opiniones
882 2556 998 2635 Grotii,
1036 2575 1100 2618 non
1134 2558 1276 2637 lingonis
1308 2556 1365 2619 scd
1392 2553 1506 2633 Georgii,

341 2659 518 2720 ltoeclshins
541 2658 714 2720 confutavit
735 2659 851 2738 Opusc.
871 2670 894 2720 t.
913 2677 947 2719 ru
963 2677 994 2738 p.
1014 2660 1076 2722 295
1092 2679 1135 2722 ss.

427 2761 562 2821 XXXlV.
610 2762 739 2822 Pacatus
761 2762 940 2841 Drepanius
970 2764 1001 2823 in
1026 2763 1217 2843 Panegyrico
1239 2781 1337 2842 quem
1360 2759 1509 2823 Theodosio

342 2863 531 2930 diritati}
556 2866 629 2945 qaia
651 2863 705 2924 abi
721 2867 859 2945 primam
882 2873 909 2926 te
931 2867 1056 2945 imperto
1076 2866 1263 2946 praestitisti
1290 2885 1351 2926 noa
1379 2869 1511 2928 carnalia

342 2969 405 3048 ipse
427 2967 513 3029 vltra
535 2969 613 3028 vitia
635 2969 795 3030 recessisse
818 2968 929 3030 (altenis
951 2970 1035 3030 vitiis
1054 2968 1244 3050 coetaneis
1258 2987 1369 3030 curam
1384 2964 1509 3038 calcasti,

342 3069 430 3150 idque
451 3069 615 3147 moderate,
648 3077 682 3130 at
703 3071 837 3132 scandere
858 3072 956 3151 polias
979 3069 1105 3132 honesta
1127 3089 1221 3152 quam
1243 3089 1348 3152 cogere
1370 3068 1510 3132 viilerera.

342 3173 498 3233 contraria
522 3182 595 3234 sunt
625 3172 709 3233 inter
737 3191 772 3234 se
799 3175 886 3234 vltra
913 3182 946 3233 et
966 3175 1139 3234 recessisse.
1187 3191 1293 3252 neque
1319 3175 1443 3234 Pacatus
1462 3179 1512 3229 ten

341 3272 479 3336 absurde
509 3275 631 3336 locutus
660 3285 725 3352 ast,
758 3274 816 3336 sed
846 3276 974 3356 scripsit
1003 3295 1063 3336 aaa
1092 3284 1247 3338 mteanss
1271 3277 1336 3355 ipse
1358 3277 1432 3337 citra
1453 3273 1512 3332 rr'tra

343 3379 512 3439 recessisse.
553 3374 672 3438 dicitur
700 3378 786 3438 euim
815 3379 894 3439 citra
925 3380 1020 3440 etiam
1042 3377 1083 3440 de
1107 3388 1204 3440 motu.
1249 3379 1368 3440 Caesar
1388 3378 1426 3440 de
1446 3373 1513 3436 belle

342 3479 459 3540 Gallico
474 3480 538 3539 r18
562 3497 641 3559 porra
660 3479 728 3559 sore
751 3484 926 3560 maeatas
949 3479 1103 3543 Labienus
1132 3489 1167 3542 at
1195 3499 1297 3544 omnes
1320 3484 1400 3544 citra
1419 3481 1512 3562 taraco

341 3583 460 3644 eliceret
481 3582 586 3642 eadem
609 3599 685 3642 usas
708 3583 902 3645 simulatione
924 3585 1043 3646 itineris
1063 3584 1186 3664 placide
1205 3583 1466 3666 prayrwiebotnr.

427 3685 546 3744 XXXV.
588 3683 766 3748 Trebellius
782 3685 877 3746 Pollio
899 3687 931 3748 in
948 3687 1090 3766 Triginta
1113 3688 1258 3768 tyrannis
1281 3707 1309 3748 c.
1329 3688 1369 3749 26
1392 3689 1443 3768 qui
1459 3685 1514 3766 aoi-

341 3787 408 3849 dem
429 3805 497 3849 eam
520 3805 552 3848 se
575 3789 607 3848 ia
636 3789 744 3849 intima
767 3797 802 3850 et
832 3795 897 3850 tata
921 3791 1105 3852 lsaarcrrna
1131 3789 1219 3870 [loco]
1244 3793 1383 3853 marinos
1402 3785 1514 3870 cillial-

342 3890 454 3952 tatibus
477 3891 611 3952 locorum
640 3900 669 3952 et
690 3891 839 3953 meatibrs
868 3893 1058 3968 contulisset,
1091 3891 1286 3974 atrovavttlia
1311 3893 1396 3975 opud
1417 3891 1514 3972 Cilicas

341 3995 516 4074 imperauit.
549 3995 625 4054 satis
641 4002 698 4072 est,
726 3995 846 4074 opinor,
873 3996 940 4056 loco
963 4005 997 4057 nt
1021 3995 1101 4057 male
1123 3994 1270 4058 additum
1286 4005 1420 4058 notasse.
1453 4009 1513 4055 nant

341 4094 563 4158 balbuttientis
586 4107 634 4157 est
654 4097 714 4158 istc
737 4115 841 4158 sermo
864 4106 896 4158 et
917 4098 968 4159 vel
993 4098 1131 4160 Pollione
1154 4099 1318 4179 indignus.

427 4199 562 4259 XXXVI.
609 4183 734 4260 Flavius
756 4199 908 4280 Vopiscus
938 4202 971 4260 in
1000 4202 1104 4261 Firmo
1126 4202 1191 4262 o.3
1216 4202 1271 4264 sal
1293 4202 1406 4264 eosdem
1426 4199 1514 4260 deam

338 4307 445 4380 posteo
476 4300 609 4363 Gariavs
637 4303 761 4362 mulieri
790 4303 914 4364 cuidam
943 4303 1020 4364 dana
1050 4303 1147 4382 dada,
1186 4323 1266 4385 prae
1296 4307 1401 4368 lecturo
1421 4319 1460 4363 rr
1478 4301 1514 4358 n's

338 4402 448 4482 fecisse
469 4411 636 4464 narratur.
677 4406 752 4484 qaia
773 4413 802 4466 et
823 4423 905 4467 acac
926 4407 1025 4466 scitor
1046 4415 1075 4467 et
1096 4408 1174 4468 sciri
1196 4407 1282 4488 apreli
1304 4417 1432 4488 posteros
1450 4400 1514 4463 nait

339 4505 480 4584 proderit
501 4511 593 4566 taceo
635 4505 726 4568 hians
748 4525 824 4568 sane
849 4518 881 4569 et
904 4507 1076 4588 inperfecta
1092 4509 1190 4570 oratio
1209 4529 1316 4592 nuper
1330 4525 1452 4592 prorsus
1472 4507 1514 4564 ln-
