3156 5132
557 443 727 506 4404444044.
1162 428 1235 502 375

136 637 268 698 Versum
286 635 367 698 4043
393 633 564 697 Camerarii
588 631 662 696 libri
685 633 780 696 talem
804 633 960 715 praebent

176 739 294 802 Sotium
315 745 436 801 4004440
459 737 655 802 conciliorum
677 745 705 802 et
722 737 905 820 9040044400
926 739 1148 802 consiliarium.

58 845 86 905 in
108 842 209 906 Ursini
233 841 315 904 libro
338 851 386 904 est
409 843 566 904 8004444440
588 847 709 904 tuorum
730 841 936 904 0003440400.
984 840 1083 904 scribi
1105 851 1209 924 potest

113 947 298 1010 sociennum
321 955 443 1009 40044440
465 945 660 1008 comitiorum
683 953 711 1008 04
731 946 911 1027 9444404900
934 945 1134 1009 insidiarum.

132 1052 234 1114 Versu
258 1051 339 1112 toto
368 1050 462 1114 miles
490 1049 604 1114 multas
630 1069 665 1112 se
689 1048 811 1114 demori
834 1051 987 1132 gloriatur
1008 1049 1127 1131 quibus
1148 1051 1238 1132 oopia

55 1175 111 1218 uon
133 1156 184 1218 sit.
235 1153 407 1236 respondet
428 1153 636 1236 Milphidippa

287 1275 353 1338 44440
374 1283 493 1338 0003404
515 1275 589 1337 baut
610 1276 758 1338 mirumst
779 1278 809 1337 34
829 1275 921 1338 lobes
943 1295 1051 1338 00444444

91 1379 239 1441 4404040444
261 1386 323 1441 tum
341 1380 485 1461 pulcrum
507 1385 536 1439 04
553 1379 754 1458 940004044ιο
776 1378 889 1442 04444440
910 1378 1067 1460 ecfertum
1086 1379 1190 1462 [440443.

90 1481 172 1560 440443,
200 1481 322 1566 44490404
342 1481 404 1563 suit
424 1482 595 1564 9044944004,
621 1481 706 1542 4444οο
728 1483 781 1564 9444
802 1485 900 1544 033044

56 1599 121 1662 libri
143 1603 260 1664 40444404
281 1605 327 1664 34.Ι
358 1621 375 1662 0
399 1621 462 1682 quo
484 1611 596 1682 sponte
619 1601 761 1662 nascitur
783 1600 867 1681 quod
891 1601 993 1682 posui.
1041 1611 1106 1664 tum
1126 1601 1238 1682 sortem

55 1705 219 1766 444430440440
241 1703 395 1767 debetur:
421 1703 496 1766 libri
516 1703 662 1784 [0440040.
709 1713 861 1766 secuntur
883 1703 1104 1765 Palaestrionis
1125 1703 1235 1782 verbe,

641 1826 702 1869 000
725 1807 824 1870 4404040
848 1807 1018 1868 humanust
1040 1811 1126 1887 ergo.

252 1930 328 1974 0040
351 1911 482 1974 4444444440
500 1912 574 1993 plur
596 1909 725 1972 40440004
745 1909 874 1973 04044434.

54 2012 119 2075 libri
143 2014 265 2077 babent
285 2015 452 2076 4404004444οι
474 2022 601 2098 3404900,
626 2012 712 2094 quod
735 2023 769 2074 ut
790 2012 1017 2076 emendaretur
1031 2011 1125 2074 valde
1141 2014 1238 2074 mira-

54 2115 119 2179 bilia
141 2117 282 2200 prolerri
307 2119 448 2180 memini.
495 2116 582 2198 quod
604 2117 696 2197 posui
718 2135 779 2178 000
800 2115 901 2178 berete
915 2116 1080 2177 humanust
1094 2134 1164 2198 0490
1181 2116 1238 2176 ra-

55 2219 175 2283 44034440
205 2222 290 2284 clara
315 2240 392 2282 vooe
415 2231 449 2282 et
470 2229 506 2282 ut
528 2220 662 2283 militam
685 2219 834 2282 aduletur
855 2219 1014 2299 loquitur,
1047 2226 1115 2280 turn
1138 2219 1180 2279 ita
1204 2227 1239 2280 ut

54 2323 98 2384 ille
120 2343 185 2385 non
209 2324 316 2387 audiat
338 2323 428 2386 addit
449 2342 523 2385 0004
545 2323 675 2384 4404444440
694 2323 767 2404 plur
789 2322 918 2383 40440004
938 2321 1065 2384 04044034.

130 2425 249 2508 Lepida
265 2426 436 2489 admodum
451 2436 527 2488 sunt
542 2444 624 2506 quae
636 2426 762 2488 Saturio
776 2425 936 2505 parasitus
952 2425 984 2485 in
997 2424 1090 2486 Persa
1104 2443 1134 2485 4.
1149 2422 1234 2485 7433.

53 2526 132 2608 dioit,
158 2529 217 2592 sed
239 2529 440 2592 emendanda
463 2538 603 2590 oorreoto
626 2547 689 2591 nno
712 2527 823 2606 verbo,

223 2667 306 2711 04400
327 2647 386 2712 44440
408 2651 489 2711 40440
512 2647 579 2709 ibo:
602 2652 703 2712 4443040
724 2649 884 2710 4403404003
906 2647 1066 2728 reliquias,

220 2753 354 2834 90404404
376 2752 580 2826 rectorem,
605 2771 679 2814 uum
702 2749 820 2813 aluerit
839 2750 948 2832 sobrio,

219 2857 364 2936 opertaen
383 2854 502 2935 [4404404
522 2858 563 2918 00
583 2857 651 2938 onis
674 2853 887 2935 obreptuverit.

54 2975 197 3056 seriptum
221 2984 271 3038 est
294 2976 326 3036 in
349 2974 440 3037 libris
463 2974 609 3057 infuerit:
634 2995 695 3038 non
720 2985 804 3036 reete
819 2973 949 3036 Bothius
961 2973 1068 3054 fuerit,
1094 2971 1238 3034 444430440-

55 3075 109 3138 lius
130 3080 157 3140 43
175 3078 283 3159 suerit.
332 3077 425 3140 Cure.
444 3097 475 3138 v.
496 3077 536 3139 l'l
560 3081 700 3141 corollae
718 3076 816 3158 [044443
839 3083 866 3138 40
887 3075 955 3139 beri
976 3077 1025 3138 vel
1045 3075 1158 3139 04044443
1174 3084 1238 3138 tor·

55 3181 107 3241 4443
129 3183 166 3242 444
186 3180 255 3244 beri
276 3182 483 3244 cenavistiae?

131 3285 233 3346 XLlll.
266 3285 314 3345 Ex
344 3284 499 3346 Pboeniee
528 3283 623 3345 Ennii
645 3284 764 3346 Nonius
793 3303 825 3363 p.
843 3281 963 3345 attat
993 3283 1072 3345 baeo
1102 3282 1233 3364 prolert,

56 3391 110 3445 tum
138 3394 171 3448 444
199 3387 252 3449 4344
272 3385 397 3448 04044040
419 3394 507 3469 utpote
529 3405 639 3448 0400400
661 3388 797 3470 4409444440
825 3383 981 3466 (plerique
1005 3386 1078 3448 libri
1102 3385 1232 3470 4409440),

57 3495 84 3548 444
97 3491 239 3573 04904044
248 3489 360 3571 possis.
392 3491 512 3570 requiri
520 3490 613 3552 040440
622 3489 791 3553 Turnebus
806 3488 898 3551 vidit.
927 3488 1120 3552 Ribbeekius
1135 3499 1239 3552 antem

58 3589 84 3650 40
105 3593 305 3674 Tragioorum
328 3591 507 3654 latinorum
532 3593 677 3674 reliquiis
698 3614 731 3674 p.
751 3594 825 3655 433.
852 3592 929 3656 baee
951 3595 994 3654 ita
1017 3582 1238 3674 interpolavit‚'

547 3712 602 3775 4440
623 3715 750 3796 potanti
769 3713 916 3776 04040404
937 3747 978 3758 -—
1248 3735 1297 3782 rte

154 3815 274 3899 [40044443
297 3817 425 3898 moene]
452 3819 541 3898 4449440
563 3835 674 3880 exerce
696 3819 844 3900 4409444440,
869 3823 903 3878 444
926 3816 1104 3900 0490444404

151 3920 262 4000 passu.

58 4053 91 4096 00
112 4038 185 4102 baso
206 4037 338 4122 quidem
361 4038 593 4120 displicuerunt
615 4039 755 4103 Vableno
778 4061 809 4122 p.
832 4042 903 4103 434.
929 4037 1135 4104 scribendum
1159 4049 1208 4103 034

134 4148 193 4204 44404
215 4149 248 4204 444
270 4144 325 4204 4344
345 4141 441 4205 orode
465 4152 495 4206 te
518 4146 607 4226 4449440
630 4163 739 4208 emeroe
762 4145 899 4228 liupatone
920 4150 954 4206 444
976 4145 1155 4226 0490444404

130 4249 239 4324 porris.

59 4343 173 4409 videtu
187 4350 273 4411 enim
289 4338 446 4412 eiusmodi
462 4350 560 4412 luisse
576 4351 733 4413 sententia
760 4349 902 4412 ‘lortiter
916 4348 1031 4432 agendi
1048 4352 1232 4432 magistrum

60 4463 190 4532 sequere,
214 4471 277 4514 non
293 4461 404 4534 argute
419 4452 560 4516 dicendi.
600 4453 714 4534 quodsi
728 4463 834 4516 tamen
851 4453 1001 4534 loquendi
1017 4454 1232 4539 potiusquam

60 4546 181 4618 laciendi
200 4557 429 4637 ,praestantiam
451 4555 588 4639 adpetis,
614 4567 681 4620 tum
704 4567 735 4620 40
758 4557 811 4621 4344
834 4557 1007 4624 mauritta*
