3156 5132
339 403 474 464 Loeesns
496 421 549 462 lor
570 419 627 462 nra
650 407 743 462 norro
766 402 957 461 Turonium.
1167 387 1239 459 305

213 610 368 672 precones
390 591 463 654 lacti
487 601 561 654 sunt
583 589 668 671 quod
690 592 754 652 tuis
776 589 943 654 virtutibus

213 695 382 756 affuerunt.
430 696 601 758 Taceamus
622 695 784 776 paulisper
805 713 862 776 quo

215 799 331 860 maiora
354 797 438 860 dicat
460 801 630 861 exercitus.
677 817 694 859 o
719 817 768 860 me
791 797 883 860 beate

213 910 398 982 superatum
422 901 513 966 video
537 903 722 966 relationem

215 1024 316 1068 meam
339 1025 398 1086 per
419 1016 589 1087 augmenta
612 994 782 1068 transcen-¹

214 1109 247 1171 di
269 1110 319 1170 oui
344 1107 495 1190 putabam
1251 1126 1300 1171 aro

213 1232 304 1293 posse
327 1215 381 1274 vix
404 1211 491 1274 credi
1067 1211 1237 1295 (llatclsellc)

214 1316 349 1378 Felicem
370 1324 402 1377 tc
425 1315 489 1378 dne
511 1315 744 1396 praedicatione
768 1317 934 1396 multiplici

213 1417 254 1480 de
277 1438 340 1500 quo
362 1419 434 1499 plus
456 1419 587 1499 contigit
608 1438 625 1480 a
647 1418 877 1500 pugnatoribus

213 1521 305 1603 prodi
329 1541 423 1604 quam
446 1523 588 1603 potuita
611 1521 771 1584 laudatore

380 1627 515 1687 narrari.

213 1731 446 1810 Persequamur
468 1729 574 1809 itaque
597 1729 742 1792 ordinem
765 1749 869 1792 rerum

212 1851 254 1894 ne
277 1831 354 1894 dum
375 1840 408 1893 te
430 1832 553 1894 tardius
577 1844 814 1896 remuneratum

212 1953 285 1997 esse
307 1933 476 1998 relerimus
500 1945 697 2016 regnatorem
720 1936 805 1998 illius

212 2039 365 2120 temporis
387 2057 582 2101 accusemus.
631 2057 703 2099 mox
725 2041 810 2100 enim

210 2152 246 2204 ut
270 2160 410 2204 ravenna
432 2141 491 2204 dco
515 2141 605 2204 novis
627 2151 789 2222 prestante

212 2265 363 2308 reversus
385 2265 420 2308 es
443 2246 572 2326 spatarii
595 2247 740 2308 meruisti

211 2348 294 2410 nihil
321 2351 355 2430 (l)
385 2395 392 2410 .
421 2394 428 2408 .
456 2395 464 2410 .
489 2367 547 2410 nos
569 2347 767 2430 dignitatem.
815 2358 849 2411 ut
871 2349 1006 2411 laborem

206 2451 364 2534 sellicium
387 2452 486 2513 honor
506 2459 677 2514 testaretur
698 2471 801 2514 armo-

212 2575 295 2618 rum.
343 2574 439 2636 qucm
461 2555 564 2617 locum
586 2564 640 2618 tua
662 2554 815 2617 modestia
837 2566 869 2617 et

210 2659 393 2722 maturitate
416 2659 596 2720 novilitans.
643 2659 741 2720 otioso
763 2678 821 2740 pro

206 2761 346 2845 parbula
367 2771 468 2824 aetate
492 2780 566 2842 rege
590 2781 661 2823 cum
684 2762 796 2843 legatis
817 2781 869 2824 se-

208 2866 284 2948 pius
307 2867 485 2927 necessaria
508 2864 700 2927 disserebas.
747 2875 779 2926 et
802 2867 863 2926 mi-

211 2989 250 3030 ro
271 2968 386 3031 laudis.
434 2979 562 3031 ementu
585 2968 814 3030 raeverentiam

211 3071 270 3134 tihi
294 3074 398 3152 potius
421 3071 540 3153 impedi
563 3071 693 3134 feceras.
741 3072 796 3152 qui
819 3074 907 3135 seni·
1015 3083 1019 3092 ·

73 3180 100 3229 40
209 3174 297 3238 libus
319 3177 405 3239 curis
426 3175 533 3239 adulto
555 3176 693 3257 principi
716 3175 879 3239 serbiebas

209 3279 419 3361 singidunum
441 3279 553 3344 civitas
575 3279 734 3360 quondam
755 3280 822 3341 otii.

77 3429 268 3447 Ἢ
303 3448 311 3462 ι

149 3540 187 3588 to.
207 3553 260 3604 quo
278 3538 448 3590 lobolaollle:
467 3552 530 3589 orco
546 3539 617 3589 loon
634 3540 701 3590 ouclt
718 3553 754 3590 oo
772 3538 837 3589 dum
857 3538 964 3589 dentem
1054 3541 1095 3586 to.
1116 3539 1174 3588 ties
1191 3537 1244 3587 lla-

78 3629 186 3674 venuam.
285 3629 327 3675 εἱ.
349 3625 404 3675 Das
425 3625 546 3676 casteller
568 3627 684 3689 pometa
707 3625 773 3676 nihil
795 3629 829 3676 ist
851 3625 1001 3676 schwerltct
1025 3625 1127 3688 rictts'o.
1165 3627 1242 3684 elwa,

79 3717 140 3756 uero
158 3711 204 3761 cler
225 3725 305 3762 raom
325 3713 467 3771 emacient,
494 3711 586 3762 militia
610 3710 683 3778 apud
701 3725 759 3762 nos.
849 3715 891 3763 tt.
912 3710 1000 3762 laudis
1017 3713 1118 3761 eventu
1134 3709 1245 3760 latoio·

77 3791 133 3843 ville.
216 3801 258 3852 ts.
280 3798 400 3862 impendi
416 3799 579 3849 lobomollle.

149 4103 355 4171 lubainvilles
383 4115 575 4191 vermutung
604 4110 677 4173 dass
700 4109 759 4172 der
781 4111 968 4192 gepriesene
997 4108 1244 4171 clementissimos

82 4206 195 4271 recder
208 4211 336 4294 Ostgotc
352 4212 542 4276 Thoodahad
564 4216 628 4294 sei,
654 4215 708 4275 hat
729 4233 763 4276 so
785 4233 891 4295 grosse
914 4209 1246 4274 wahrscheinlichkcit

83 4303 148 4372 dass·
166 4313 213 4376 ich
238 4316 321 4378 ohne
351 4316 521 4380 bedenlsen
545 4317 602 4380 das
623 4317 817 4381 bruchstltclr
840 4317 963 4380 danach
986 4317 1126 4378 benennt
1148 4312 1242 4376 habe.

84 4407 249 4481 Theodalrad
271 4420 361 4482 ward
383 4440 446 4482 von
465 4420 701 4484 Amalasvintha
724 4441 794 4484 zum
817 4421 1028 4483 mitherscher
1054 4417 1151 4502 (nicht
1173 4435 1244 4478 zum

85 4518 213 4604 seualle)
238 4523 376 4590 erhaben
401 4525 482 4591 nach
504 4523 702 4590 Athalarichs
724 4524 796 4588 todo
821 4527 862 4588 im
883 4525 973 4606 jahre
989 4525 1063 4606 534,
1090 4525 1131 4588 im
1154 4519 1244 4588 truh-
