3252 5130
580 426 798 488 Correcrlum.

361 614 443 700 ἔχεις
465 609 534 679 ‘olda
557 609 629 692 τιν’,
655 605 680 676 ὦ
702 609 800 691 πόλις,
826 613 960 678 δίκαιον·

362 715 397 782 od
420 713 480 804 χρή
504 741 575 781 ποτε
597 712 679 782 τοῦτ’
707 713 886 803 ἀφελέσθαι,

360 824 449 906 τιμᾶν
473 815 582 893 θεοός·
606 815 622 885 ‘o
647 819 680 884 δὲ
704 815 745 905 μή
769 843 802 886 σε
825 819 949 906 φάσκων
974 833 1035 885 otc.

90 920 167 990 τοῦτ’
202 927 289 989 euim
317 924 524 988 scribendum
554 935 621 987 est:
656 924 730 987 libri
758 919 843 988 τοῦδ’
876 925 1009 1004 habent,
1042 926 1128 1006 quod
1157 927 1189 988 in
1212 921 1278 990 τόδ’

90 1030 162 1090 olim
186 1037 341 1091 mutatum
365 1038 424 1106 est,
449 1027 490 1090 ad
513 1027 705 1090 sententiam
728 1038 825 1108 recte,
851 1028 910 1091 sed
932 1029 1039 1110 pravis
1061 1029 1215 1092 numeris.

175 1132 208 1193 ln
234 1129 346 1194 eodem
368 1132 508 1194 carmine
532 1150 562 1192 v.
581 1131 642 1192 9⁴0
668 1131 747 1192 haec
768 1132 886 1212 scripta
909 1141 994 1210 sunt,

450 1231 529 1296 ἔστιν
552 1232 584 1296 ἐν
608 1228 728 1319 οὐρανῷ
753 1231 888 1318 βεβακιός

450 1332 520 1408 θεὸς
542 1330 641 1420 γόνος,
666 1327 691 1398 d
713 1326 844 1421 ‘papula'

91 1461 263 1521 pronomen
292 1443 506 1522 possessivum
539 1450 623 1502 recte
653 1442 822 1520 requisivit
850 1441 906 1522 qui
928 1440 968 1503 ad
991 1441 1012 1503 θ
1036 1442 1068 1502 in
1091 1435 1161 1513 θεός
1183 1459 1305 1523 suprar
1359 1481 1362 1488 -

88 1544 256 1626 adscripsit
285 1567 311 1607 τ.
338 1542 395 1606 sed
424 1537 489 1614 τεός
519 1554 716 1623 usurparunt
738 1542 913 1624 Aeschylus
944 1555 974 1606 et
997 1545 1184 1627 Sophocles,
1216 1564 1279 1607 non

90 1649 273 1728 usurpavit,
308 1657 460 1727 quantum
489 1647 623 1725 scimus,
657 1644 838 1726 Euripides.
886 1645 1091 1711 scribendum
1119 1659 1167 1710 est
1189 1642 1205 1712 ‘o
1229 1644 1279 1719 σός

87 1743 187 1832 γόνος,
213 1749 317 1812 idest
343 1743 472 1812 ΘΕΟΟ
497 1750 529 1810 in
553 1743 686 1810 0000
710 1747 907 1811 mutandum.

175 1853 308 1914 CXXili.
340 1854 406 1914 Non
430 1853 531 1933 potuit
554 1851 594 1913 ab
617 1851 765 1912 Alcmena
789 1849 851 1913 diei
875 1851 959 1932 quod
983 1855 1014 1914 in
1038 1853 1160 1916 eisdem
1183 1855 1280 1916 Hera·

88 1955 180 2018 clidis
203 1975 235 2016 ν.
257 1956 336 2016 toro
361 1956 515 2037 scriptum
538 1965 596 2034 est,

338 2053 467 2141 κομίζετ’
496 2051 598 2135 αὐτόν,
623 2057 740 2140 δμῶες·
765 2052 831 2119 εἶτα
852 2053 912 2142 χρὴ
936 2053 1004 2120 κυσί

339 2161 443 2224 δοῦναι
465 2155 637 2232 κτανόντας.

88 2284 158 2326 nam
190 2263 275 2345 quod
307 2265 398 2327 modo
429 2263 554 2326 dixerat
582 2257 694 2350 ἐχθρὸς
724 2259 777 2345 μὲν
802 2256 898 2347 ἁνήρ,
930 2258 1279 2350 decretalemque

89 2367 127 2428 ed
157 2387 195 2430 ea
226 2369 367 2449 pertinet
395 2387 476 2449 quae
499 2367 699 2450 Eurystheus
726 2376 819 2428 antea
842 2368 978 2444 monuit,
1011 2364 1142 2432 θανόντα
1163 2363 1221 2453 γάρ
1245 2393 1281 2452 με

88 2465 202 2556 θόψεθ’
229 2462 276 2533 σθ’
289 2493 336 2533 στι
359 2464 515 2554 μόρσιμον,
541 2467 614 2541 Δίας
633 2461 762 2553 πάροιθε
777 2467 930 2552 παρθένου
946 2467 1155 2554 Παλληνίδος·
1181 2465 1280 2556 Χόμῖν

90 2572 140 2656 μὲν
171 2564 279 2645 εὔνοος
308 2569 360 2635 καὶ
387 2567 473 2635 πόλει
502 2567 648 2657 σωτήριος
672 2567 818 2642 Μίτοικος
847 2567 895 2635 ἀεί
925 2570 1065 2656 κείσομαι
1093 2569 1171 2637 κατὰ
1198 2574 1281 2660 χθο-

87 2671 135 2749 νός
157 2689 220 2739 ete.
268 2675 379 2740 eadem
409 2687 514 2738 auteur
544 2674 693 2736 Alcmena
721 2694 752 2734 v.
781 2674 862 2735 1092
894 2673 1019 2737 dixerat
1048 2680 1196 2739 κτανοῦσα
1223 2671 1280 2762 γὰρ

89 2772 178 2843 Τόνδ’
208 2776 273 2842 εἶτα
295 2774 399 2864 νεκρὸν
422 2778 483 2850 τοῖς
508 2761 701 2862 μετελθοῦσιν
725 2775 819 2862 φίλων
844 2771 958 2839 Δώσω·
988 2772 1022 2841 τό
1044 2772 1099 2864 γὰρ
1122 2775 1199 2863 σῶμ’
1227 2776 1281 2844 οὐκ

88 2876 245 2966 ἀπιστήσω
267 2880 371 2968 χθονί,
399 2874 493 2952 Οὗτος
517 2878 549 2944 δὲ
573 2873 666 2944 rideret
687 2873 740 2963 τὴν
765 2877 850 2962 δίκην
874 2875 975 2943 dordr
998 2879 1078 2966 ἐμοί,
1103 2883 1169 2961 ubi,
1196 2883 1281 2964 quod

89 2988 199 3064 miror,
225 3005 316 3047 nemo
339 2983 444 3047 adhuc
467 2983 623 3047 intellexit
647 2974 732 3053 οὗτος
747 2984 780 3045 in
798 2975 885 3054 αότός
902 2983 1087 3046 mutandum
1104 3005 1186 3048 esse.
1223 2985 1282 3048 ad-

89 3099 180 3168 paret
213 3089 310 3169 igitur
331 3086 400 3151 κοσί
422 3089 508 3150 nullo
530 3098 620 3168 pacto
643 3087 771 3148 tolerari
795 3089 898 3168 pos'se.
946 3087 1152 3150 emendaturo
1175 3099 1279 3152 autern

89 3210 151 3253 non
188 3190 331 3253 rimanda
366 3202 414 3253 est
444 3191 621 3252 litterarum
650 3189 756 3269 aliqua
786 3188 976 3268 similitudo,
1013 3191 1279 3271 quemadmodum

89 3295 259 3356 Elmsleius
291 3291 363 3378 πυρί
388 3291 593 3355 scribendum
618 3311 688 3354 esse
712 3292 862 3367 coniecit,
895 3291 953 3354 sed
976 3304 1010 3355 ut
1035 3296 1134 3376 magis
1157 3305 1282 3376 putaret

88 3396 128 3458 ab
151 3400 221 3478 ipso
239 3395 392 3478 Euripide
414 3405 578 3477 peccatum
602 3415 683 3472 esse,
709 3395 794 3475 quod
818 3413 1018 3475 nequaquam
1041 3396 1196 3461 credibile
1220 3411 1277 3462 est.

91 3503 204 3577 immo,
238 3498 323 3580 quod
353 3517 447 3580 saepe
476 3500 508 3558 in
532 3497 697 3579 Euripidis
727 3497 842 3560 fabulis
871 3510 903 3559 et
932 3499 1123 3579 aliquotiens
1147 3503 1178 3562 in
1204 3502 1281 3582 ipsis

91 3600 267 3664 Heraclidis
297 3603 412 3664 iactum
441 3612 505 3680 est,
537 3602 634 3683 periit
663 3601 810 3663 ultimum
840 3601 988 3662 versiculi
1011 3601 1146 3664 verbum
1170 3615 1201 3666 et
1224 3602 1282 3665 da-

91 3725 199 3767 rnnurn
224 3707 331 3785 inepte
355 3715 512 3766 rosarium
536 3713 595 3764 est.
643 3702 723 3783 quid
737 3715 842 3766 autem
860 3703 978 3765 dixerit
993 3700 1143 3768 Alcmena
1158 3716 1190 3767 et
1206 3725 1281 3768 sen-

89 3810 209 3870 tentiae
234 3809 406 3869 necessitas
429 3809 595 3869 manifesto
619 3815 771 3869 monstrat
794 3816 826 3867 et
847 3806 1056 3868 intellexisset
1072 3808 1239 3870 Elmslcius
1255 3810 1281 3871 si

89 3912 196 3990 paullo
227 3912 326 3990 inagis
354 3911 394 3973 ad
423 3930 457 3972 ea
488 3909 676 3974 attendisset
699 3928 781 3991 quoe
804 3911 873 3989 ipse
896 3929 936 3970 ex
959 3909 1163 3991 Supplicibus
1186 3913 1282 3974 Troa-

90 4013 186 4077 dibus
209 4011 337 4075 Hecuba
361 4014 476 4075 attulit..
516 4011 729 4082 scribendum
753 4022 801 4074 est

340 4111 473 4198 κομίζετ’
500 4109 602 4191 αὐτόν,
628 4115 743 4198 δμῶες·
769 4111 834 4178 εἶτα
856 4109 916 4199 χρὴ
939 4108 1026 4200 τάφῳ

341 4219 445 4282 δοῦναι
467 4212 639 4289 κτανόντας.

177 4322 307 4384 exiit.
334 4323 420 4384 inter
442 4341 478 4384 ea
501 4323 640 4384 carmina
657 4320 820 4402 Euripidis
842 4339 923 4401 quac
943 4332 1038 4383 totae
1053 4332 1115 4384 tam
1132 4323 1282 4403 gravibus

91 4426 175 4488 vitiis
198 4425 370 4506 depravata
395 4435 468 4486 sunt
490 4435 525 4486 ut
548 4423 724 4504 probabilis
747 4421 979 4486 emendationis
1002 4443 1091 4506 spem
1108 4426 1281 4490 excludere

90 4528 278 4608 videantur,
306 4527 383 4590 illud
407 4545 508 4608 paene
534 4525 755 4588 difficillimum
779 4526 935 4606 estquod
959 4529 991 4589 in
1015 4528 1219 4610 Supplicibus
1241 4530 1282 4592 ab
