3252 5130
584 391 801 454 Commium.
1210 379 1286 452 623

97 577 259 642 credimus
289 599 360 642 cum
390 578 536 642 videmus
565 578 797 642 eruditissimos
819 579 963 642 homines
987 599 1025 642 ea
1048 580 1147 643 fuisse
1171 581 1287 664 inpru-

97 681 208 745 dentia
234 692 270 746 ut
299 681 422 745 oderes
451 691 596 764 correpta
619 683 722 763 prima
743 682 864 764 syllaba
885 682 1005 746 dictum
1029 701 1099 746 esse
1122 693 1283 766 putarent,

99 786 249 848 nimirum
280 805 342 848 non
364 804 382 846 a
406 785 478 849 rudi
507 786 615 866 aliquo
638 785 766 848 infimae
787 787 899 849 aetatis
920 785 1154 866 versificatore,
1186 785 1244 850 sed
1267 807 1286 850 a

98 889 209 950 Statio.
256 906 319 950 non
340 897 478 951 utuntur
498 899 603 952 autem
626 889 680 950 illa
702 908 779 952 voce
802 900 914 970 poetae
929 890 1030 952 Latini
1054 891 1116 952 nisi
1137 891 1235 954 semel
1250 893 1284 954 in

99 991 244 1072 epistulis
268 992 413 1054 Horatius
442 1002 474 1053 et
497 992 655 1055 luvenalis
676 992 774 1054 semel
798 993 831 1054 in
853 993 970 1056 satiris.
1016 990 1144 1056 videtur
1166 993 1286 1058 Statius

98 1093 278 1156 huiusmodi
302 1093 382 1175 quid
403 1096 580 1176 scripsisse,

355 1198 514 1260 attendunt
534 1199 633 1278 001101,
658 1196 782 1282 (haud)
805 1205 959 1280 spectetur
982 1197 1115 1261 abistis

253 1301 305 1364 ille
326 1303 435 1384 mepte.

185 1403 308 1464 CLVlll.
345 1405 379 1466 ln
403 1404 548 1466 Carmine
571 1402 612 1465 de
636 1403 747 1484 figuris
768 1423 800 1465 v.
820 1405 860 1466 66
872 1423 916 1466 ss.
941 1397 1128 1490 ἐπανάληψις
1157 1407 1203 1467 ita
1225 1424 1284 1468 ex-

97 1509 245 1589 plicatur,

252 1611 308 1674 ilio
329 1611 494 1692 resumptio
514 1611 559 1690 fit,
584 1611 734 1691 quaedam
756 1629 825 1673 cum
847 1610 928 1674 dicto
950 1629 1083 1674 resumo.

255 1715 403 1797 ‘copnitor
425 1713 586 1786 0010οὸ11,
613 1715 675 1775 lom
697 1715 832 1796 copuitus
854 1723 899 1776 cst
920 1714 992 1776 berre
1014 1713 1120 1778 nebu!

256 1819 299 1880 ‘tu
321 1835 392 1879 cere
414 1819 537 1898 sopiens
559 1819 685 1896 conctis,
712 1819 800 1880 immo
823 1819 892 1898 ipso
914 1819 1077 1882 Minerva!

93 1923 232 1985 alterum
256 1921 437 2003 exemplum
459 1920 675 2001 gradationem
697 1919 841 2001 praebet,
871 1939 933 1984 non
957 1924 1173 2004 epanalepsin.
1221 1942 1284 1986 non

94 2043 224 2106 possum
246 2043 315 2086 rem
337 2021 491 2105 expedire
521 2024 582 2085 nisi
614 2025 657 2085 ita
686 2033 721 2086 ut
744 2033 879 2086 statuam
906 2027 1021 2086 cunctis
1043 2024 1187 2088 additum
1211 2025 1280 2090 es'se

95 2137 264 2209 postquam
279 2126 313 2189 id
329 2124 414 2207 quod
432 2135 540 2188 auctor
556 2127 726 2207 scripserat
738 2125 869 2206 excidit,
889 2129 1056 2208 scripsisse
1072 2137 1178 2190 eutem
1190 2130 1281 2192 illum

254 2234 298 2290 ‘tu
320 2247 392 2291 cere
414 2230 547 2309 sopiens,
574 2225 739 2312 (sapiens)
762 2231 850 2292 immo
874 2231 943 2310 ipso
965 2230 1129 2292 Minerva)
1152 2227 1195 2316 ξ

183 2334 283 2396 CLIX.
315 2333 457 2396 Avienus
478 2330 584 2394 iabula
609 2333 646 2393 to

249 2436 329 2498 lucc
351 2442 464 2518 crputu
485 2453 561 2498 novo
583 2435 763 2518 pandectem
784 2437 886 2518 culpis
909 2437 1022 2500 amictu

301 2539 430 2619 corripit
451 2545 479 2600 et
500 2556 600 2602 conos
622 2538 774 2619 adprobat
794 2557 859 2601 esse
880 2547 980 2601 cotos.

95 2653 171 2726 puto
187 2642 344 2705 Avianum
367 2660 430 2704 oon
452 2660 528 2703 novo
551 2642 716 2723 scripsisse
744 2639 859 2720 (nullus
888 2644 972 2704 enim
994 2641 1086 2722 pardi
1109 2661 1211 2706 novus
1234 2653 1283 2706 est
1337 2663 1340 2672 ¹

90 2747 254 2828 amictus),
280 2745 337 2808 sed
360 2763 426 2807 000.
473 2747 602 2825 saepius
623 2746 700 2806 haec
723 2753 900 2824 permutata
922 2755 1006 2808 sunt.

183 2849 269 2912 CLX.
304 2847 453 2910 Absurde
487 2857 561 2910 sunt
588 2865 670 2928 quae
704 2848 736 2906 in
764 2845 923 2910 Laudibus
953 2848 1095 2910 llerculis
1117 2868 1149 2910 v.
1169 2848 1208 2910 79
1241 2849 1282 2912 de

95 2955 186 3016 leone
210 2953 363 3014 Nemeaeo
386 2950 548 3030 dicuntur,

457 3055 515 3116 lrec
537 3061 653 3138 quanto
675 3054 815 3116 virorum

249 3159 375 3242 succro,
400 3177 492 3241 quam
514 3159 623 3220 multos
645 3157 757 3220 stravit
778 3177 846 3220 cum
861 3157 999 3221 1100111100
1021 3179 1126 3240 apros.

97 3267 183 3328 varia
208 3263 396 3326 coniectavit
419 3261 584 3339 lleinsius,
615 3260 673 3323 sed
701 3260 820 3324 infelici
849 3264 953 3324 omnia
976 3282 1140 3341 successu;
1178 3283 1284 3346 neque

98 3387 204 3450 nuper
226 3365 383 3448 prolatum
405 3373 453 3426 est
476 3363 561 3444 quod
584 3382 645 3425 non
669 3361 761 3426 valde
792 3374 876 3426 essct
899 3366 1065 3429 insulsum.
1111 3369 1188 3430 mihi
1212 3387 1284 3430 cum

97 3471 247 3552 stupidus
269 3469 384 3549 aliquis
405 3469 496 3530 homo
517 3487 586 3529 cum
601 3467 739 3530 dentibus
762 3479 795 3530 et
815 3487 908 3548 apros
931 3471 1122 3551 scripsisset,
1148 3490 1283 3551 quorum

97 3576 184 3636 nulla
209 3574 276 3635 lieri
300 3574 404 3654 potuit
425 3573 553 3650 mentio,
578 3589 690 3634 versus
705 3574 843 3651 pessima
865 3570 982 3634 deinde
1006 3572 1133 3634 licentia
1155 3574 1285 3637 videtur

97 3697 167 3741 asse
192 3677 410 3758 interpolatus.
457 3683 591 3755 poetam,
618 3694 680 3737 non
703 3673 821 3736 bonurn
844 3675 985 3755 quidem,
1011 3675 1068 3738 sed
1091 3686 1197 3738 tamen
1218 3696 1282 3741 non

98 3782 193 3862 plane
218 3780 365 3857 delirum,
392 3776 570 3841 huiusmodi
594 3776 673 3858 quid
695 3778 859 3859 scripsisse
882 3779 1011 3858 conicio,

459 3881 517 3942 1100
538 3888 653 3962 quauta
675 3881 813 3942 virorum

251 3985 367 4066 succro
388 3993 591 4046 constrarunt
612 3982 821 4047 candentibus
843 3984 967 4046 ossibus
988 4005 1091 4066 agros.

187 4090 285 4151 ctxl.
330 4091 364 4150 ln
398 4089 444 4150 eis
472 4086 590 4168 quibus
623 4090 804 4167 Lessingius
838 4088 869 4150 in
900 4087 1119 4169 symbolarum
1153 4109 1282 4152 suarum

100 4205 190 4274 parte
221 4193 331 4272 tertia,
368 4210 450 4272 quae
477 4192 609 4271 repetita
639 4201 688 4252 est
721 4192 753 4252 in
785 4201 866 4252 tomo
895 4211 1024 4272 operum
1047 4211 1065 4254 a
1088 4194 1283 4255 Lachmanno

99 4284 268 4358 editorum¹
293 4315 385 4372 nono,
410 4293 508 4356 libros
530 4302 656 4354 sextum
679 4303 711 4354 et
733 4295 903 4373 septimum
926 4295 1101 4357 Matheseos
1123 4297 1192 4357 lulii
1215 4297 1343 4358 Fir-tta

101 4401 174 4461 mici
203 4399 362 4479 conplevit
393 4417 455 4458 non
484 4396 571 4458 nulla
603 4405 688 4458 recle
713 4396 898 4458 emendasse
929 4398 1007 4459 milri
1030 4397 1152 4462 videor.
1200 4419 1282 4481 quae

100 4502 245 4566 breviter
267 4501 317 4563 hic
340 4499 534 4582 significabo,
561 4501 687 4581 paginis
711 4500 857 4563 indicatis
880 4503 1079 4564 Lachmanni.

1025 4623 1079 4672 to*
