3178 5136
598 443 702 503 Vratt.
1170 430 1240 502 521

94 651 142 713 epo
163 629 320 692 bomtlncio
343 629 396 692 ltoc
418 649 478 691 non
497 630 654 711 facerem?
677 650 728 715 epo
744 631 821 694 tttno
836 649 907 693 vero
924 634 967 694 ito
978 632 1039 713 feci
1053 651 1089 694 oo
1105 631 1220 694 lubens.

66 743 222 814 peccatum
250 741 299 795 est
327 733 361 794 in
390 751 541 796 numeros
575 753 679 814 neque
712 733 795 796 bene
823 733 943 796 dictum
974 736 1028 796 ita.
1080 746 1247 816 praeterea

65 835 158 898 Faber
180 847 213 898 et
227 836 390 898 Bentleius
413 837 482 897 iure
508 837 717 918 inprobarunt
730 837 800 918 feci,
825 836 911 918 quod
926 837 1155 918 lepidissimam
1171 857 1247 901 nar-

67 943 211 1001 rationem
234 941 350 1001 misere
374 938 483 1000 turbat
504 957 542 1000 ac
562 942 730 1020 pervertit.
777 940 937 1002 Bentleius
960 941 1058 1021 igitur
1079 941 1208 1020 scripsit

83 1062 131 1125 epo
152 1041 310 1104 lornei-noio
332 1042 385 1103 boe
406 1061 466 1103 non
485 1040 635 1123 fecerint?
656 1061 707 1126 eqo
730 1061 802 1104 vero
825 1043 903 1106 illud
915 1043 1040 1124 fecerim
1053 1046 1090 1106 tic
1105 1042 1221 1106 lebena.

65 1144 142 1225 quod
164 1144 255 1208 addit
273 1143 408 1226 [acerem
431 1146 601 1225 praeterita
625 1147 784 1226 respicere
807 1163 913 1225 neque
938 1147 970 1207 in
994 1144 1199 1208 consultando
1215 1155 1248 1208 et

65 1267 163 1310 secum
194 1247 371 1328 reputando
399 1248 501 1309 locum
524 1248 659 1327 habere,
693 1250 845 1310 nimirum
868 1267 930 1310 nou
953 1266 1039 1309 nunc
1061 1249 1115 1311 ille
1139 1267 1246 1310 secum

66 1360 194 1432 reputat,
220 1349 277 1412 sed
300 1369 382 1430 quae
399 1351 599 1431 reputaverit
613 1361 733 1414 narrat.
781 1349 899 1423 habent
914 1361 1020 1414 autem
1033 1351 1169 1432 saonem
1184 1370 1246 1411 non

64 1464 178 1516 tantum
201 1453 348 1515 Eunuchi
379 1453 590 1534 exemplaria,
622 1453 679 1516 sed
709 1455 861 1535 scripturn
885 1465 933 1516 est
955 1455 1049 1517 etiam
1072 1453 1158 1535 apud
1180 1451 1247 1515 Λιι-

65 1558 220 1637 gustinum
243 1555 284 1618 de
308 1557 433 1618 eivitate
450 1555 501 1619 dei
518 1575 540 1618 ιι
556 1555 575 1616 7
592 1567 624 1618 et
645 1558 677 1618 in
694 1555 977 1644 Confessionibusr
995 1558 1034 1617 l6
1051 1558 1091 1618 26
1109 1557 1247 1638 pariter-

64 1678 120 1738 que
146 1658 232 1740 apud
255 1657 434 1721 Ennodium
458 1659 517 1740 Ep.
536 1678 547 1719 ι
563 1661 593 1720 l.
640 1659 717 1720 mihi
741 1661 908 1723 Terentius
931 1661 1096 1740 scripsisse
1118 1658 1247 1722 videtur

62 1827 64 1830 ,
122 1781 172 1846 epo
199 1762 356 1824 homuncio
384 1761 438 1823 loe
459 1760 699 1841 consererem?
728 1761 865 1825 lacerem
889 1781 940 1846 epo
963 1763 1040 1825 illud
1061 1781 1133 1824 vero
1156 1763 1244 1841 item,

902 1885 939 1928 oc
961 1865 1078 1928 iubent.

65 1978 221 2048 postquam
244 1969 379 2030 alterum
392 1967 527 2048 sererent
543 1966 662 2029 excidit
676 1987 788 2030 versus
804 1969 886 2029 male
902 1969 1051 2049 expletus
1066 1978 1124 2030 est.
1161 1967 1246 2048 quod

65 2067 172 2132 laetum
203 2082 252 2132 est
281 2080 353 2132 ante
376 2068 607 2150 Augustinum,
639 2073 666 2133 si
689 2089 801 2158 verum
829 2081 878 2133 est
900 2081 1025 2134 vetusta
1049 2071 1192 2154 Civitatis
1215 2081 1248 2131 et

64 2173 293 2236 Confessionum
316 2174 510 2254 exemplaria
530 2172 592 2253 feci
613 2173 692 2236 illud
716 2173 845 2236 habere.
887 2175 955 2236 item
970 2173 1107 2236 debetur
1121 2172 1243 2234 Bothio.

141 2275 273 2336 Lxxtlt.
305 2278 424 2338 Seneca
454 2275 494 2338 de
522 2277 658 2338 amicitia
681 2296 714 2357 p.
736 2277 794 2337 l03
813 2276 903 2338 Nieb.
930 2297 971 2339 on
998 2295 1111 2338 aunem
1134 2276 1248 2358 tepenti

64 2397 147 2459 opera
170 2381 229 2463 tept'
250 2380 384 2458 creditis,
410 2381 497 2442 octos
518 2379 626 2461 ubique
648 2381 854 2460 quaesitione
868 2379 923 2442 stab
939 2381 1041 2462 aliquo
1056 2385 1153 2440 monte
1169 2395 1247 2440 veno

64 2479 300 2562 deprehenditur,
325 2485 456 2544 amicum
478 2491 579 2545 autern
593 2481 703 2565 ubique
718 2485 860 2560 inveniri,
886 2485 951 2558 sine
965 2483 1027 2544 ullo
1043 2480 1156 2555 labore,
1181 2483 1247 2542 sine

67 2585 123 2646 otto
144 2586 395 2668 inoestiputione?
418 2604 480 2646 non
504 2595 606 2666 potest
627 2586 680 2647 bio
701 2605 813 2648 aurum
837 2585 900 2647 dici
923 2585 1038 2668 inqenti
1058 2601 1152 2664 opera
1174 2585 1243 2666 topi.

66 2705 154 2765 quare
177 2691 308 2751 llaasius
331 2688 471 2750 Senecae
494 2699 570 2750 tur
595 2709 625 2768 p.
646 2689 706 2748 tae
736 2690 832 2770 retepi
852 2689 996 2768 scripsit,
1029 2705 1092 2748 non
1114 2703 1246 2766 prorsus

66 2790 184 2868 quidem
208 2792 309 2870 male,
339 2790 397 2852 sed
419 2801 456 2852 ut
477 2794 581 2871 aptius
603 2791 738 2852 verbum
761 2794 923 2872 magisque
947 2789 1111 2870 proprium
1135 2789 1245 2868 requi-

67 2911 135 2954 ram.
181 2895 275 2974 quale
304 2894 390 2956 nullo
420 2896 543 2974 negotio
572 2893 780 2974 adipiscimur
808 2895 835 2954 si
863 2892 1033 2954 scribimus
1061 2910 1103 2952 on
1131 2909 1245 2951 eurum

66 2995 169 3078 inperiti
197 3016 291 3078 opero
313 2997 375 3076 legi
398 2997 530 3058 creditis.
578 3015 595 3057 a
618 2995 752 3076 legendo
775 3015 850 3056 auro
872 2995 1006 3076 onriieqi
1026 3003 1059 3055 et
1081 2993 1248 3076 curilepnli

68 3098 134 3160 dieti
157 3109 242 3162 sunt.
290 3099 447 3182 curileyus
469 3087 660 3183 χρυσολόγοςΙ
685 3109 733 3160 est
756 3098 788 3160 in
811 3099 1029 3176 Onomastieo,
1054 3096 1306 3179 anntepotnsua

66 3201 273 3285 χρυσεκλέκτης
296 3205 329 3262 in
345 3202 507 3263 Philoxeni
531 3203 587 3282 qui
610 3201 728 3264 dicitur
743 3202 903 3282 glossario,
929 3202 962 3262 in
980 3199 1151 3281 cyrilliano
1166 3221 1247 3284 χρυ-

68 3299 201 3389 σορόιιιης
235 3305 434 3386 aurifodincm
471 3306 679 3388 aurilepultts,
716 3303 771 3366 ubi
803 3305 893 3385 prius
924 3304 1245 3382 interpretamentum

69 3417 143 3470 reete
164 3419 295 3489 putatur
318 3408 357 3471 ad
380 3407 466 3470 aliud
491 3409 564 3468 olim
587 3408 781 3488 pertinuisse
805 3406 1004 3484 vocabulum,
1029 3406 1097 3468 sive
1118 3427 1246 3490 χρυσω-

69 3511 175 3595 ριιχεῖιν
204 3511 283 3574 illud
309 3511 367 3573 luit
390 3513 458 3572 sive
480 3507 689 3595 χρυσωρυχία.
737 3509 833 3571 babet
856 3509 1046 3570 Philoxenus
1069 3507 1247 3588 aurifodino

67 3611 264 3699 χρισωρυχία.
313 3607 478 3699 <Paulinus
508 3614 646 3674 Nolanus
675 3613 767 3692 epist.
800 3611 841 3673 ad
869 3612 968 3672 Nicet.
993 3611 1088 3672 vaae
1118 3610 1246 3672 callidos

71 3713 203 3794 lttollidos
225 3717 485 3779 Hemsterhusius
506 3715 548 3778 ad
570 3717 697 3777 lucian.
717 3715 894 3795 Contempl.
912 3733 939 3774 e.
961 3712 1009 3792 ll)
1038 3714 1111 3774 ouri
1132 3713 1246 3795 lepidos

70 3819 95 3878 in
115 3839 222 3882 oarrnm
245 3815 370 3907 verbe>

144 3925 271 3985 LXXIV.
303 3924 400 3985 Taciti
431 3923 508 3984 haee
539 3931 613 3984 sunt
637 3922 668 3982 in
692 3919 819 3998 Dialogo
842 3937 910 4000 oap.
931 3919 989 3997 lb,
1022 3935 1076 3980 neo
1097 3917 1170 3980 aliis
1193 3925 1248 3979 out

69 4025 157 4103 plocio
178 4028 279 4088 maior
294 4033 349 4088 ont
363 4027 522 4109 cupiistior
537 4023 644 4100 bonor,
666 4025 802 4104 primurn
816 4021 900 4104 oprtd
915 4021 995 4100 deos,
1021 4038 1150 4102 qnorum
1169 4039 1246 4100 pro·

67 4124 141 4202 ferre
162 4147 310 4211 responso
332 4137 360 4191 et
382 4131 527 4191 interesse
548 4127 646 4208 epulis
659 4125 853 4207 serebantur,
878 4123 985 4186 deinde
999 4122 1082 4204 cptod
1097 4123 1170 4184 istos
1185 4121 1245 4184 dit's

69 4232 169 4308 oenum
190 4249 356 4314 ramosque
371 4249 468 4322 repes,
487 4234 567 4292 inter
582 4248 655 4310 ptos
676 4231 825 4291 neminem
840 4227 1039 4306 causidicum,
1057 4225 1111 4288 sed
1124 4223 1246 4306 Orpbeu

72 4350 102 4392 oe
121 4336 226 4396 Linum
255 4354 293 4397 oe
319 4336 349 4396 si
378 4335 575 4415 introspicere
600 4333 694 4396 altine
716 4332 791 4394 velis
814 4331 915 4412 ι’ριιιιιι
936 4327 1104 4411 Apollinem
1126 4329 1245 4409 occepi-

73 4449 137 4498 mus.
182 4438 357 4500 rectissime
386 4437 591 4498 Heumannus
619 4434 861 4509 eaundioorum,
893 4431 979 4512 quod
1006 4429 1243 4494 subabsurdum

72 4545 128 4616 est,
156 4543 187 4602 in
210 4539 400 4603 meridiem
422 4540 591 4602 mutavit..
614 4537 671 4600 sed
695 4535 736 4600 de
758 4535 886 4598 vatibus
905 4537 963 4617 qui
985 4534 1117 4598 deorum
1142 4533 1245 4615 epulis
