3156 5132
564 415 733 478 Αιιιιιιιιτι.
1172 403 1244 474 347

66 605 303 690 quemodmodnm
326 625 346 666 o
368 605 477 667 caesiis
506 606 670 668 caesullae.
719 608 817 668 Varro
840 603 880 668 de
906 625 939 666 re
963 607 1190 668 rusticandi
1215 609 1247 668 in

62 713 162 792 primis
184 709 349 770 uidendum
371 715 405 769 nt
426 707 497 768 boul
518 710 645 770 seminis
665 727 759 790 pecus
773 707 897 770 habeas.
947 708 978 769 id
989 707 1056 790 fere
1072 728 1114 770 ecc
1129 709 1248 771 duobus

64 813 144 876 rebus
169 819 266 894 polest
296 810 518 889 animaduerti,
552 829 595 871 ex
620 808 725 892 formo
752 819 780 872 et
804 812 956 893 procacio.
1005 830 1048 872 ecc
1067 812 1188 892 forma,
1222 815 1251 874 sl

64 919 164 978 mietes
193 918 256 978 sint
281 915 385 996 fronte
413 915 490 976 lano
518 916 620 976 vestiti
647 913 736 994 benc,
769 915 856 976 tortis
887 914 1047 991 cornibus,
1079 918 1186 996 pronis
1208 916 1250 977 od

65 1028 208 1096 rostratis,
239 1020 327 1080 ravis
355 1017 469 1092 ocules,
500 1016 573 1078 lano
596 1019 709 1098 opertis
731 1016 874 1079 auribus.
920 1019 1104 1098 conspirant
1127 1018 1250 1100 Geapo-

65 1126 128 1184 nion
143 1142 213 1184 ιιιιι
233 1122 284 1197 13,
316 1113 385 1190 τοὺς
413 1115 446 1182 δὲ
475 1115 577 1204 κριοὺς
600 1116 679 1184 εἶναι
700 1114 762 1204 χρὴ
788 1165 796 1182 .
824 1168 832 1182 .
860 1169 867 1182 .
897 1167 903 1181 .
929 1115 1083 1205 χαροποῦς
1105 1120 1167 1192 τοῖς
1189 1111 1251 1204 ὅμ-

66 1249 157 1308 naara
204 1224 289 1287 idem
313 1223 410 1286 Varro
428 1243 448 1283 ιι
465 1224 519 1284 93
545 1222 585 1284 de
616 1223 750 1287 canibus
775 1224 858 1304 socie
887 1223 992 1284 debent
1020 1243 1084 1286 esse
1108 1225 1248 1306 formosi,

65 1328 265 1412 recolendam
286 1327 401 1408 amplo,
427 1327 523 1388 oculis
545 1326 767 1409 nt'yrlcantibus
790 1336 845 1388 out
868 1329 965 1389 racis.
1011 1328 1187 1408 Geoponioa
1203 1347 1252 1388 ιιιιι

67 1435 112 1493 il
136 1431 339 1514 praecipiunt
361 1449 432 1491 esse
456 1428 577 1490 debere
601 1449 697 1492 cenes
719 1423 873 1515 χαροπούς
888 1431 949 1500 τοῖς
964 1421 1080 1513 ὄμμασι
1094 1427 1146 1492 καὶ
1161 1432 1251 1493 λεον-

67 1533 192 1606 caedria
239 1531 401 1595 Arnobius
428 1551 461 1593 ιιι
488 1533 525 1594 li
555 1533 703 1612 sr'quidem
733 1551 800 1594 cum
827 1532 932 1614 facitis
961 1541 1050 1615 olette
1080 1533 1253 1615 informatis

67 1638 140 1714 deos,
163 1637 217 1699 lios
238 1638 364 1698 criodos
387 1635 538 1718 efficacius,
564 1637 641 1697 olr'os
657 1636 747 1713 leves,
773 1654 860 1698 senec
877 1639 1000 1699 iuvenes
1012 1655 1137 1718 noerae,
1163 1640 1254 1720 oqui-

69 1742 118 1803 lios
139 1743 254 1803 cresim
276 1758 389 1802 roms:
415 1757 522 1801 rerem
545 1740 717 1800 Minervam
742 1738 775 1800 in
793 1748 897 1801 mente
914 1738 1021 1802 hebet.
1070 1739 1154 1802 idem
1170 1742 1254 1801 color

69 1845 220 1906 oculorum
243 1843 339 1908 etiarn
362 1843 493 1905 roanos
516 1841 694 1904 dicebatur.
736 1843 906 1904 Columella
922 1863 975 1904 viu
992 1846 1010 1906 2
1028 1846 1046 1904 9
1068 1845 1201 1924 postulet
1219 1853 1254 1906 ut

69 1949 151 2027 gellis
173 1947 356 2028 gallinaceis
378 1949 443 2008 sint
466 1945 572 2007 ravidi
593 1946 641 2007 vel
662 1946 848 2027 niqu'cantcs
863 1948 961 2008 ocull:
987 1965 1059 2008 nam
1076 1957 1161 2008 recte
1178 1948 1255 2008 haec

70 2052 106 2111 ita
126 2051 222 2113 scribi
253 2049 370 2111 docent
392 2049 570 2130 Geoponica
586 2068 634 2110 xiv
651 2052 668 2108 n
687 2050 718 2126 2,
743 2037 861 2132 ἄριστοι
882 2043 940 2136 γάρ
963 2049 1038 2113 εἰσιν
1061 2044 1256 2134 ἀλεκτρυόνες

69 2153 93 2215 oi
116 2203 123 2216 .
148 2201 155 2215 .
185 2202 192 2216 .
220 2200 229 2216 .
255 2145 420 2238 εὖχάροποί
449 2174 482 2216 τε
510 2151 575 2222 ταῖς
613 2143 700 2236 ’ὄψεσι
736 2147 788 2212 καὶ
825 2146 1087 2238 μελανόφθαλμοι,
1140 2149 1255 2238 (Varro

72 2276 189 2338 quoqne
218 2258 306 2318 inter
328 2257 466 2336 insignia
489 2256 660 2317 salacitetis
684 2257 716 2316 in
740 2256 820 2336 gallo
844 2255 1017 2336 gallinaceo
1040 2258 1140 2318 andos
1165 2273 1257 2316 ravos

73 2361 115 2420 uel
140 2360 246 2442 ot‘yros
269 2359 368 2420 refert
391 2358 431 2421 de
455 2377 490 2419 re
515 2378 542 2419 r.
562 2378 595 2420 ιιι
613 2361 630 2420 9
649 2354 684 2446 l)
708 2360 914 2420 confirmatur
935 2371 1040 2421 autem
1064 2361 1141 2421 baec
1165 2379 1258 2420 voca-

73 2461 131 2524 buli
160 2461 260 2524 iorma
283 2481 355 2524 oum
379 2481 415 2524 eo
438 2462 524 2543 quod
546 2463 618 2524 alba
641 2463 720 2523 llere
745 2462 842 2523 rubra
865 2463 1013 2524 similiter
1035 2465 1129 2524 etiam
1153 2462 1257 2524 albida

72 2565 177 2644 lauda
192 2565 307 2627 rubida
320 2565 483 2642 dicuntur,
503 2575 569 2627 tum
586 2564 698 2627 Ravidi
715 2567 842 2626 nomine
858 2566 944 2646 apud
960 2566 1129 2629 Catullum.
1168 2567 1257 2628 simi-

76 2668 138 2729 liter
159 2670 290 2730 belvum
313 2669 447 2730 colorem
472 2668 592 2730 dixisse
616 2670 710 2730 otiam
727 2668 878 2730 videntur
892 2669 1056 2749 helvidem,
1083 2668 1167 2748 quod
1184 2669 1258 2730 elbi-

76 2770 138 2832 dum
159 2773 314 2852 scriptum
338 2781 384 2832 est
407 2773 440 2832 in
461 2771 572 2832 Isidori
589 2772 677 2852 Orig.
695 2791 744 2833 xm
760 2773 800 2831 98
818 2771 848 2832 7.
897 2783 972 2853 puto
988 2791 1038 2833 me
1055 2775 1157 2834 omnia
1176 2789 1258 2851 qnae

77 2874 160 2936 bodie
188 2885 298 2938 extant
329 2875 414 2936 vocis
442 2873 483 2936 de
513 2895 575 2955 qua
598 2874 726 2956 disputo
750 2876 894 2955 exempla
918 2863 1138 2957 con¹gessisso3
1171 2883 1257 2936 certe
1267 2887 1317 2935 ata

77 2995 131 3037 non
153 2978 248 3039 multe
272 2997 323 3038 me
346 2978 464 3059 fugisse
488 2997 676 3058 persuasum
701 2977 814 3041 habeo.
861 2979 919 3041 sed
941 2978 1107 3058 eugendus
1124 2998 1194 3039 osse
1211 2981 1260 3039 vi-

79 3077 164 3140 detur
191 3081 410 3162 exemplorum
441 3099 595 3142 numerus
625 3082 802 3144 carminum
830 3101 892 3142 non
920 3081 1079 3143 nullorum
1106 3080 1260 3143 emenda-

79 3182 164 3244 tione.
209 3203 283 3245 nam
316 3185 347 3244 in
371 3182 478 3245 Ovidii
502 3185 578 3246 Arte
608 3187 760 3247 amatoria
775 3203 797 3245 ιι
815 3184 875 3245 ost
885 3205 927 3248 ss.
954 3205 1016 3247 ιιοιι
1046 3184 1158 3246 dubito
1181 3185 1259 3264 quin

81 3285 117 3344 ita
143 3286 345 3348 scribendum
373 3289 432 3366 sit,
463 3287 634 3350 nominibus
657 3289 776 3350 mollire
798 3289 866 3352 licet
888 3290 981 3350 niolo.
1025 3287 1118 3370 fusco
1139 3296 1262 3349 vacetur

82 3387 194 3470 Niqrior
216 3391 344 3470 Illyrico
365 3393 416 3452 cui
434 3392 501 3471 poce
523 3394 649 3474 sanquis
673 3393 750 3468 erit;
775 3393 812 3452 Si
829 3400 922 3472 paeto
944 3401 998 3470 cst,
1030 3393 1151 3454 Veneris
1174 3393 1261 3452 sirni-

84 3491 131 3567 lis,
152 3495 181 3554 si
200 3513 300 3570 roua,
327 3495 501 3570 Μίιιενυαε,
529 3495 577 3556 Sit
597 3496 724 3577 qrocills
747 3497 843 3556 macie
865 3515 942 3579 quac
965 3498 1044 3557 mole
1067 3497 1139 3557 olon
1162 3503 1258 3557 suast.

85 3595 177 3676 inepta
199 3616 305 3678 nuper
328 3596 448 3678 prolata
471 3605 556 3678 sunt,
582 3597 639 3660 sed
655 3598 728 3660 olim
745 3601 895 3661 Heinsius
912 3600 1087 3660 rectissime
1106 3598 1262 3660 intellexit

84 3697 276 3762 scribendum
305 3719 376 3762 esse
405 3718 505 3762 ravo:
536 3701 616 3762 nihil
648 3703 733 3764 enim
762 3701 851 3764 alind
882 3703 957 3763 latet
988 3703 1018 3762 in
1047 3702 1133 3783 flavo
1159 3719 1263 3783 parvo

82 3799 168 3880 fuluo,
192 3822 276 3883 quae
299 3801 373 3864 libri
398 3803 528 3865 habent.
577 3805 609 3866 in
626 3807 715 3866 initio
731 3825 844 3868 versus
864 3813 955 3886 poeto
970 3804 1174 3866 scribebatur
1188 3815 1263 3865 ante

86 3902 246 3968 Heinsium.
296 3907 324 3967 is
345 3907 453 3968 strabo
475 3907 608 3970 subesse
631 3912 754 3989 putavit
771 3909 896 3970 mendis
912 3908 1065 3969 librorum
1083 3909 1137 3988 qui
1154 3927 1265 3969 crosso

86 4011 177 4069 oraria
203 4027 317 4092 quasso
347 4010 485 4090 babent,
517 4009 737 4092 adsensusque
768 4015 795 4074 ei
829 4023 876 4074 est
900 4012 1062 4072 bentleius
1089 4012 1121 4070 in
1146 4013 1264 4072 Horatii

88 4107 310 4193 Serm.13t7,
343 4125 483 4177 correcto
514 4135 622 4176 errore
650 4135 746 4196 quem
770 4117 823 4176 illc
846 4116 1057 4176 commiserat.
1105 4113 1161 4174 sed
1185 4115 1266 4176 loeta

93 4214 131 4272 vel
153 4215 225 4292 leto,
258 4217 343 4297 quod
368 4220 401 4278 in
423 4219 494 4280 aliis
518 4218 610 4280 libris
632 4230 697 4298 est,
722 4229 825 4282 ortum
850 4237 919 4279 esse
942 4216 1076 4298 adparet
1099 4238 1138 4278 ex
1160 4225 1263 4298 poeto,

93 4319 301 4401 coniunxitque
325 4319 459 4383 Ovidius
490 4333 612 4402 paetum
635 4325 792 4384 Venerem
824 4330 856 4382 et
879 4323 1051 4382 Minervam
1083 4339 1188 4382 ravam
1212 4339 1267 4380 eo-

94 4414 154 4480 dem
175 4423 262 4486 modo
285 4443 347 4504 qno
371 4425 486 4487 lactum
510 4437 557 4488 est
581 4427 612 4487 in
630 4426 772 4506 Priapeia
795 4425 946 4486 carmine.
995 4443 1067 4485 nam
1091 4423 1175 4504 quod
1200 4421 1266 4484 lere

97 4527 270 4590 recentiores
299 4538 373 4590 sunt
407 4527 480 4588 libri
511 4530 567 4610 qui
597 4530 677 4591 loeta
708 4528 785 4592 illud
821 4527 955 4606 hebent,
992 4529 1143 4590 nimirum
1171 4529 1266 4589 etiam
