3156 5132
333 387 406 460 328
730 403 772 462 Ex
797 421 892 463 annm
915 402 1124 463 Bracmanum.

332 595 513 676 coniunqere
543 592 632 672 (mihi
653 592 794 674 qnonmm
815 592 875 653 soli
895 592 940 654 ait
960 609 1064 653 rernm
1087 595 1218 654 omnium
1241 594 1387 672 confidere
1405 614 1460 658 sese
1477 607 1498 658 et

332 695 483 776 credere),
509 697 542 758 ni
564 695 596 757 id
618 713 695 757 onus
719 713 884 776 respuam,
910 696 1053 777 qnoniam
1074 713 1135 756 non
1153 695 1294 777 [annosa
1313 699 1498 779 papiliani

291 821 298 836 ·
332 799 477 862 mediocri
502 799 583 880 faeie
611 805 709 860 mater
737 798 901 861 liberorum
930 799 1006 862 mihi
1033 799 1201 881 affantur:
1230 801 1261 861 si
1280 799 1353 862 haec
1373 810 1499 883 reputem

329 904 449 985 formae
470 909 499 966 et
520 903 700 965 divitiorum
721 904 825 985 qratia
845 921 892 964 me
913 902 956 965 ad
977 903 1072 966 oliam
1094 903 1295 966 mndicmnem
1317 922 1497 982 reservarem,

331 1025 426 1088 neque
450 1025 509 1088 pro
539 1009 636 1069 amica
666 1023 759 1087 neque
784 1025 844 1088 pro
874 1005 1049 1088 philosopho
1075 1005 1243 1088 [semrom.
1292 1005 1346 1069 ubi
1376 1026 1499 1090 respuam

331 1110 446 1191 scripsi
480 1109 682 1171 scribebatur
710 1110 872 1189 recipiam,
909 1109 995 1190 quod
1027 1111 1220 1172 eontrarium
1254 1119 1303 1172 est
1331 1113 1498 1191 sententiae,

331 1213 452 1275 leniore
481 1221 588 1275 eutem
619 1230 713 1292 quam
743 1231 806 1292 qua
837 1213 894 1274 ieci
925 1232 986 1275 non
1017 1223 1120 1294 potest
1148 1213 1264 1295 corrigi
1287 1215 1516 1277 aemendatione.⁴

331 1317 425 1378 etiarn
456 1316 508 1376 bic
529 1335 547 1376 a
572 1314 803 1395 redarguendis
832 1315 958 1378 levibus
981 1327 1012 1379 et
1034 1317 1208 1398 nugatoriis
1237 1316 1436 1398 opinionibus
1455 1319 1501 1380 ab

330 1420 443 1482 stineo.

417 1523 479 1584 Vll.
514 1519 700 1584 Ambrosius
724 1521 755 1582 in
779 1521 936 1602 psalmum
958 1541 1048 1584 cxrur
1071 1541 1217 1585 sermone
1240 1542 1287 1585 xvi
1311 1521 1415 1606 §its
1439 1527 1502 1588 hese

332 1634 573 1687 commentatur.
616 1624 751 1686 dicimus
767 1626 978 1688 continentiam
994 1643 1114 1700 sensns,
1138 1645 1220 1688 nunc
1235 1627 1272 1689 de
1287 1629 1405 1709 topasio
1419 1629 1503 1710 lapide

330 1730 543 1810 exprimamus
565 1726 597 1808 (i.
615 1728 842 1810 expromamus)
863 1728 1032 1791 historiam.
1072 1728 1109 1790 de
1123 1747 1180 1810 quo
1195 1731 1367 1793 invenimus
1382 1734 1413 1794 in
1426 1733 1503 1794 histo

330 1833 382 1893 ria
396 1832 583 1906 Xenocratis,
609 1832 662 1913 qui
682 1832 807 1912 scripsit
827 1834 918 1912 quasi
939 1832 1137 1915 lithoqnomon
1163 1830 1216 1914 (ite
1241 1832 1315 1895 libri
1340 1853 1402 1897 non
1417 1834 1499 1897 nulii:

330 1936 423 2016 vulga
454 1932 683 2014 lithosnomon),
714 1935 804 1996 nasci
830 1935 879 1996 vel
908 1935 1042 1997 iriveniri
1068 1937 1153 1997 circe
1184 1934 1343 2000 Thebaidis
1372 1940 1502 2000 acham

331 2035 528 2100 Alabastram
551 2038 599 2098 vel
625 2037 787 2118 Topazion,
813 2045 847 2099 al
868 2039 966 2119 aliqui
982 2045 1108 2119 putant,
1134 2040 1214 2101 ande
1236 2047 1265 2102 et
1285 2043 1453 2104 nmmum
1471 2049 1504 2102 est
1570 2043 1571 2052 ’

330 2139 368 2200 ab
395 2159 428 2201 eo
450 2141 485 2201 in
505 2159 562 2221 qno
583 2141 760 2223 qiqnerelur
782 2141 855 2202 loco.
902 2148 973 2202 sunt
995 2149 1095 2204 auam
1117 2144 1170 2222 qui
1187 2146 1368 2223 putaverint
1388 2146 1502 2206 insulam

329 2244 506 2323 nuncupari
538 2245 706 2325 Topanion,
740 2243 782 2306 od
812 2263 904 2325 qiam
933 2243 1077 2325 adpulsos
1105 2245 1300 2328 Truqlodqlai
1328 2255 1397 2310 orta
1425 2247 1503 2310 sulio
1570 2291 1571 2338 ,

332 2348 523 2408 commotione
551 2348 707 2408 maritima
735 2365 767 2408 eo
796 2347 874 2428 quod
896 2349 1023 2408 navium
1043 2366 1133 2410 usum
1155 2369 1215 2410 non
1237 2348 1383 2412 haherent
1404 2351 1506 2433 reqreli
1570 2339 1571 2366 .

289 2459 320 2505 os
330 2450 512 2530 nequivisse.
560 2449 667 2510 deinde
686 2437 827 2530 plurimd
851 2451 1045 2513 immorantes
1061 2458 1192 2533 tempore
1208 2454 1239 2513 in
1255 2454 1360 2516 insula
1375 2455 1505 2515 invenire

330 2553 462 2634 lapidem
489 2560 516 2614 et
538 2553 697 2615 delectatos
720 2553 818 2615 colore
840 2555 905 2614 eins
928 2555 1084 2635 repetiisse
1105 2555 1225 2616 domum
1248 2563 1275 2617 et
1298 2555 1410 2620 Arabis
1431 2576 1503 2639 nequ

329 2655 487 2718 tialoribns
510 2655 739 2718 advenientibus
762 2656 956 2732 vendidisse;
980 2657 1019 2718 ab
1042 2657 1104 2719 illis
1127 2661 1235 2721 emisse
1257 2659 1407 2722 Philonem
1429 2668 1455 2722 et
1473 2659 1503 2719 ad

330 2766 457 2821 matrem
482 2760 643 2821 Ptolemaei
663 2760 805 2836 secundi,
830 2761 881 2822 eui
901 2779 1008 2822 nomen
1031 2767 1099 2823 erat
1121 2763 1283 2843 Berenice,
1311 2763 1351 2825 ab
1373 2766 1505 2846 apscessi

326 2863 497 2944 perlatum,
529 2862 615 2923 illam
643 2870 761 2939 autem,
793 2864 932 2946 quemvis
954 2864 1109 2947 reqalibus
1131 2867 1317 2928 ornamentis
1340 2866 1501 2938 abramiri,

329 2984 428 3047 supra
456 2965 577 3026 modum
606 2972 705 3028 lamen
728 2967 826 3028 colore
848 2970 913 3028 eins
936 2967 1136 3048 stupefactam
1158 2969 1332 3033 chaborasse
1353 2977 1387 3032 ut
1407 2969 1503 3032 diutim

329 3069 443 3150 species
466 3075 528 3130 tom
547 3069 676 3150 pretiosi
696 3070 809 3150 lapidis
831 3089 892 3130 non
915 3072 1032 3145 lateret,
1058 3071 1179 3153 ideoque
1201 3073 1301 3135 stadio
1320 3077 1386 3136 eius
1401 3073 1503 3156 proesi-

329 3179 393 3233 tum
420 3171 553 3252 lapidem
575 3172 607 3231 in
629 3191 706 3234 usus
725 3173 947 3254 frequentiores
970 3175 1099 3235 venisse.
1147 3175 1285 3238 di'oeimus
1307 3177 1448 3259 quomam
1467 3178 1503 3236 in-

328 3275 460 3337 notuerit
481 3275 622 3355 topazion
645 3275 737 3356 lapis,
762 3295 844 3338 nunc
866 3278 1047 3358 expressius
1070 3278 1107 3339 de
1129 3280 1194 3341 eius
1208 3280 1356 3361 qualitate
1370 3281 1500 3343 dimam.

329 3378 458 3438 deornm
485 3377 619 3438 colorum
648 3385 693 3440 est
720 3379 752 3439 in
779 3377 833 3441 hoc
855 3380 955 3462 lapide
977 3383 1099 3465 κρᾶσις,
1131 3381 1185 3444 hoe
1207 3390 1252 3444 est
1273 3383 1423 3464 φιαεάαηι
1442 3391 1502 3444 lem·

325 3487 437 3561 perata
462 3481 648 3561 permistio,
679 3477 863 3566 πρασοειδής
894 3482 1020 3565 (legitur
1047 3480 1224 3570 πραποιδής)
1259 3493 1288 3548 et
1312 3486 1502 3568 chrysepteres

335 3581 460 3663 [legitur
488 3582 645 3668 chrysopa)
680 3585 790 3648 similis
820 3586 1039 3668 chrysopraso,
1070 3588 1235 3652 secundum
1256 3595 1418 3672 utrumqne
1438 3588 1503 3650 velat

329 3686 478 3766 qnasdm
509 3687 677 3750 animaene
707 3688 841 3750 colorum
869 3693 1007 3772 figimus,
1040 3698 1068 3754 et
1085 3693 1208 3774 plenius
1230 3691 1352 3773 quidem
1374 3691 1502 3774 aperitis

325 3788 430 3871 fertur
452 3790 628 3852 contendere.
675 3799 721 3854 est
742 3800 842 3854 autem
862 3793 1053 3874 prasochrus
1080 3793 1164 3876 (libri
1184 3794 1364 3878 parichrus)
1391 3794 1502 3872 achre

327 3892 454 3955 soehrus
477 3901 505 3955 et
523 3894 668 3975 pinquis,
693 3896 901 3976 resplendenti
921 3898 1049 3974 similis,
1074 3899 1210 3960 maoeirne
1232 3917 1300 3960 carn
1324 3899 1397 3962 solis
1417 3898 1502 3979 splen

224 4037 230 4048 ·
328 3996 401 4058 dore
426 3999 609 4077 percutitur.
659 4005 704 4061 est
725 4001 814 4061 eliam
834 3999 1061 4082 pulcherrimus
1083 4009 1111 4063 et
1132 4001 1284 4064 mirabilis
1306 4021 1400 4084 super
1420 4015 1502 4062 omna

328 4098 547 4180 chrysoprasos
571 4102 778 4184 maqnitudine
793 4111 830 4179 et,
855 4110 890 4166 ut
904 4104 984 4182 dirui,
1012 4107 1081 4168 visu
1096 4107 1260 4187 pinquiar;
1284 4103 1501 4168 natnrohains-

328 4201 410 4263 modi
437 4210 470 4264 ut
500 4205 530 4266 si
553 4204 652 4286 polire
681 4212 708 4266 et
738 4205 873 4289 leviqare
893 4196 962 4269 eum
984 4209 1060 4270 velis
1084 4215 1245 4290 asperetur
1267 4210 1383 4292 maqis,
1411 4215 1500 4270 nutu

329 4307 488 4367 minuitur.
528 4314 574 4369 est
594 4314 694 4370 antem
717 4309 847 4390 qrmdern
868 4312 997 4393 peniteli
1017 4331 1105 4392 opere
1120 4319 1252 4375 naturae
1267 4313 1437 4398 euqlqphns,
1458 4309 1500 4368 hot

328 4416 372 4470 est
394 4407 466 4470 bene
489 4410 662 4494 ansiqnitus,
688 4420 777 4495 alque
799 4412 951 4476 mirabilis
974 4422 1003 4476 et
1023 4421 1058 4476 ut
1078 4433 1193 4476 sumam
1216 4415 1317 4478 studio
1338 4411 1497 4499 diqnashe

328 4511 450 4574 leretur
479 4513 601 4594 difficile
623 4515 778 4577 invenitur
800 4524 828 4578 et
849 4523 989 4599 repertus
1012 4536 1087 4580 raro
1110 4526 1209 4582 maten
1233 4521 1265 4582 in
1286 4539 1347 4583 usu
1367 4518 1495 4581 amana
