3178 5136
603 405 707 467 Vama.
1173 391 1241 462 501

78 593 223 655 transtulit
244 603 348 655 autem
372 611 434 654 non
457 593 594 655 inflecte.
640 593 759 655 scilicet
781 613 822 655 ex
843 593 965 655 aerario
988 591 1114 674 publico
1130 601 1246 673 negant

79 694 170 758 redire
192 696 374 777 quiequam.

149 798 321 880 Diligenter
349 817 477 879 operam
505 796 595 860 dedit
617 797 883 861 Schneidewinus
906 808 942 861 ut
964 798 1128 860 adnotaret
1150 797 1246 878 quid-

76 888 149 979 quid
170 919 187 962 a
210 901 422 982 grammaticis
450 901 560 964 aliisve
588 899 797 980 scriptoribus
821 919 859 962 ex
882 901 1031 962 Martialis
1052 899 1246 963 carminibus
1256 909 1287 956 ⁸¹

76 1003 231 1082 profertur.
278 1022 342 1065 non
364 1004 451 1066 nulla
474 1003 599 1066 addam.

150 1124 158 1165 ι
174 1104 215 1166 57
232 1107 263 1166 4.
299 1104 456 1169 Ausonius
478 1108 586 1188 Epigr.
605 1107 646 1166 39
664 1107 694 1166 l.

150 1227 170 1269 ιι
188 1209 228 1270 42
244 1210 275 1269 4.
312 1209 520 1290 Hieronymus
542 1210 599 1289 Ep.
621 1209 679 1269 ⁴30
701 1219 723 1268 t.
743 1225 800 1287 tp.
820 1207 880 1268 995
906 1208 982 1270 Vall.
1000 1225 1062 1269 non
1085 1209 1162 1270 satis
1178 1227 1245 1270 me-

74 1311 194 1372 moriter
215 1310 252 1372 de
273 1309 381 1392 quibus
403 1311 481 1374 illud
496 1308 614 1372 Arbitri
635 1319 679 1372 est
703 1313 779 1372 ‘acu
801 1309 873 1371 deae
893 1310 951 1372 olet
972 1312 1025 1391 qui
1041 1327 1159 1392 semper
1174 1310 1246 1372 berre

75 1413 141 1474 olet)

148 1533 168 1576 ιι
184 1517 218 1576 44
242 1518 271 1576 4.
308 1518 478 1578 Martianus
501 1515 629 1596 Capella
643 1533 696 1577 rru
719 1536 751 1597 p.
770 1514 831 1576 2⁷3
849 1513 902 1576 Gr.

148 1635 180 1679 ιιι
196 1619 235 1680 il
256 1618 306 1679 44.
342 1617 436 1680 Antb.
462 1620 569 1682 Burm.
589 1637 622 1680 ιιι
639 1619 698 1678 468
715 1619 746 1678 8.

148 1721 220 1782 vro
240 1723 290 1782 94.
327 1719 509 1783 Theodorus
531 1722 710 1783 Priscianus
739 1721 826 1782 initio
849 1718 923 1781 libri
940 1737 970 1781 rr
992 1738 1054 1781 non
1077 1722 1154 1783 satis
1176 1741 1245 1785 me-

73 1824 191 1885 moriter
213 1841 273 1884 sua
296 1831 431 1905 tempora
454 1824 546 1886 lector
567 1842 627 1884 aaa
650 1831 743 1885 amat.
790 1821 859 1884 liae
881 1830 926 1884 est
947 1822 1024 1884 tttad
1038 1823 1244 1888 clarissimum

71 1927 161 2005 satyri
193 1925 263 2007 (sor.
288 1926 418 2008 satirica]
450 1925 597 1989 4444444444
637 1929 753 2006 ‘parca
785 1933 926 1987 coronata
954 1925 1098 2006 plausere
1125 1926 1244 1990 4444444

71 2028 230 2089 4444444444
252 2030 452 2110 acuuntque
474 2047 563 2092 suum
585 2028 709 2090 saecula
732 2025 933 2089 Maeoniden!

147 2149 176 2192 rr
193 2130 226 2190 44
250 2130 300 2192 ld.
337 2129 494 2194 Ausonius
509 2131 618 2212 Epigr.
639 2131 673 2190 94
698 2132 728 2190 6.

147 2233 221 2294 ιιι8
240 2233 292 2294 44.
331 2252 371 2294 ex
403 2233 453 2294 his
481 2233 606 2298 duobus
635 2231 782 2294 versibus
812 2251 848 2294 44
871 2241 994 2312 sumpta
1024 2242 1098 2294 sunt
1128 2234 1245 2314 quibus

71 2335 284 2416 interpolatum
307 2343 355 2398 est
376 2335 503 2398 initium
525 2337 635 2418 capitis
650 2353 778 2397 nuxrrrr
799 2335 941 2396 Frontini
965 2334 1006 2396 de
1027 2337 1129 2416 aquis.

147 2437 222 2499 LXI.
254 2437 357 2518 Inepti
387 2437 508 2518 aliquid
537 2457 640 2519 nuper
668 2439 798 2500 inlatum
821 2447 869 2510 est
890 2437 1029 2499 Senecae
1053 2438 1161 2500 verbis
1183 2441 1242 2521 Ep.

70 2539 103 2599 53
122 2541 172 2602 44.
207 2549 373 2620 postquam
397 2540 477 2602 dixit
500 2541 576 2602 idem
588 2539 776 2622 pltr'losapltia
794 2539 894 2601 verbis
910 2539 1057 2616 omuibus,
1087 2542 1163 2603 ι4444
1178 2559 1245 2604 sum

68 2641 116 2704 444
137 2651 251 2724 tempus
274 2651 436 2723 acceptura
458 2643 538 2726 parad
558 2642 642 2704 uobis
664 2642 865 2724 superfuerit,
898 2641 951 2703 sed
973 2642 1079 2704 ideas
1101 2641 1245 2707 babebitis
1314 2671 1316 2676 ·

70 2745 141 2827 quod
170 2748 237 2826 ipso
265 2747 406 2827 eroparo'
439 2745 522 2828 (nam
551 2745 651 2807 verbis
674 2743 810 2806 omuibus
832 2742 1038 2807 scribendum
1062 2763 1149 2822 esse,
1181 2762 1244 2807 non

68 2847 153 2911 radus
175 2847 321 2920 omuibus,
347 2847 424 2909 alias
448 2851 555 2911 monui
579 2845 628 2931 [rr
642 2845 752 2930 279J),
779 2847 856 2908 hace
872 2848 968 2927 igitur
983 2857 1146 2926 postquam
1164 2845 1244 2909 dixit

69 2951 107 3011 ita
131 2953 251 3032 pergit,
284 2956 375 3011 totam
397 2949 456 3012 ltuc
477 2958 616 3013 conuerte
639 2957 780 3026 meatem,
813 2949 883 3010 luia
904 2948 1027 3020 adside,
1059 2947 1139 3011 4444
1161 2951 1240 3012 cole:

70 3055 167 3135 raperis
195 3053 393 3115 intervallum
423 3056 502 3115 44444
529 3061 556 3115 44
584 3061 611 3114 44
640 3061 751 3115 ceteros
777 3053 838 3131 fiet.
886 3069 986 3112 omues
1014 3053 1158 3115 mortales
1181 3055 1244 3114 vita

70 3157 234 3232 antecedes,
264 3175 324 3217 ιιοιι
353 3157 445 3218 multo
477 3165 503 3218 te
531 3157 564 3218 di
590 3155 772 3218 antecedent.
819 3156 942 3235 quoeris
971 3153 1042 3235 quid
1069 3155 1147 3216 iuter
1169 3163 1196 3217 te
1218 3163 1245 3217 44

71 3259 134 3320 illas
161 3259 377 3340 interfuturum
405 3260 462 3321 sit:
497 3257 612 3320 diutius
635 3265 735 3320 44444.
783 3265 816 3319 at
836 3256 1020 3335 mehercules
1042 3259 1147 3340 mapai
1167 3259 1245 3319 arti-

68 3361 130 3438 ficis
157 3371 199 3424 est
225 3361 353 3424 clusisse
380 3370 471 3424 tottam
499 3363 532 3422 iu
554 3362 676 3443 eulpam.
724 3367 841 3422 tautum
864 3360 996 3440 sapieati
1016 3377 1075 3421 sua
1098 3367 1245 3441 quautam

69 3463 119 3523 deo
146 3457 242 3526 amuis
271 3471 355 3526 aetas
382 3469 476 3545 patet.
524 3463 654 3525 Haasius
676 3462 881 3525 scribendum
905 3481 975 3524 esse
999 3463 1131 3523 coniecit
1154 3469 1243 3523 totum

69 3563 123 3626 buc
142 3574 278 3628 cauoerle
300 3573 326 3628 te
347 3573 453 3627 meule.
502 3564 587 3646 quod
609 3567 738 3626 minime
761 3573 910 3645 praestat,
938 3563 1056 3626 nedum
1079 3575 1114 3624 ut
1135 3583 1245 3625 neees-

70 3669 179 3729 sarium
202 3669 254 3730 sit.
301 3678 332 3730 44
355 3669 532 3730 necessario
556 3666 788 3748 repudiandum
811 3676 879 3728 4444
901 3669 964 3728 vita
981 3665 1060 3727 illud
1076 3664 1160 3745 quod
1175 3677 1245 3746 post

69 3787 163 3833 omues
191 3771 334 3834 mortales
365 3789 404 3831 ex
433 3769 514 3832 libro
546 3771 687 3832 Parisino
707 3768 838 3831 8658A
868 3778 1031 3849 receptum
1061 3777 1119 3829 cst.
1165 3768 1245 3828 nibil

71 3871 150 3933 enim
177 3873 229 3934 bie
251 3891 356 3952 neque
379 3872 544 3935 obscurius
567 3892 671 3952 neque
695 3872 821 3935 inanius
844 3870 906 3933 diei
930 3879 1032 3952 potest
1055 3887 1149 3950 quam
1172 3887 1245 3930 eum

71 3973 123 4050 qui
150 3985 247 4038 totum
275 3995 309 4037 se
332 3975 547 4056 philosophiae
570 3974 739 4036 tradiderit
761 3984 882 4036 ceteros
905 3973 1047 4036 homines
1070 3973 1133 4032 vita
1155 3980 1245 4032 ante-

70 4093 224 4140 oessurnm
255 4095 336 4140 esse.
383 4096 486 4158 neque
516 4079 579 4139 atta
601 4075 687 4138 aliud
710 4077 879 4156 quicquam
903 4085 950 4139 est
972 4092 1067 4155 quam
1091 4073 1246 4154 deprava·

70 4185 166 4242 tarum
188 4181 364 4243 litterarum
388 4180 553 4243 falsissima
576 4181 717 4242 mutatio.
765 4197 827 4241 non
850 4197 929 4259 opus
952 4187 998 4239 est
1015 4195 1056 4238 ex
1070 4176 1139 4237 aliis
1155 4175 1247 4238 libris

72 4297 188 4344 errores
210 4291 241 4345 ct
264 4293 437 4346 commenta
461 4284 620 4364 colligere.
668 4283 699 4344 in
716 4280 797 4342 libro
814 4282 898 4343 enim
915 4280 1055 4342 Parisino
1071 4279 1166 4358 8449,
1190 4279 1245 4358 qui

71 4384 199 4461 optimus
227 4395 274 4448 est
304 4387 444 4448 omnium
475 4404 553 4466 quos
582 4383 675 4447 hodie
705 4384 867 4460 novimus,
900 4385 1053 4472 scriptum
1076 4390 1123 4444 est
1144 4399 1245 4443 omues

73 4487 206 4570 mortales
239 4509 258 4550 a
293 4490 354 4551 uite
387 4488 552 4551 antecedes.
607 4489 682 4549 bine
718 4487 801 4548 laoili
834 4503 930 4565 opera
964 4485 1089 4547 elicitur
1119 4501 1242 4546 verum.
