3178 5136
358 405 431 477 524
752 419 795 479 Ex
818 437 914 480 onon
939 420 1149 479 Boeotrnsosr.

356 607 442 693 ἔρξας
466 603 546 691 εἷμι;
571 610 614 692 τῷ
636 600 838 692 προσήγορος
870 605 1101 686 quodammodo
1124 608 1290 688 conparari
1314 617 1437 688 possunt
1456 627 1521 687 quae

357 710 528 792 Euripides
551 711 646 772 habet
669 711 781 792 Suppl.
806 729 837 770 ν.
857 711 931 787 959,
955 703 1020 772 οὐδ’
1040 700 1176 793 Ἄρτεμις
1199 708 1291 796 λοχία
1312 705 1517 794 Προσρθέγξσιέ

358 807 393 876 ἂν
415 809 469 885 τὰς
492 807 641 884 ἀτέκνους.
688 813 763 874 item
786 810 959 894 Aeschyleo
983 815 1070 893 Sept.
1089 831 1121 872 v.
1141 813 1214 889 670,
1241 806 1303 876 ἀλλ’
1329 803 1395 875 οὔτε
1414 834 1454 874 νιν
1474 835 1523 896 ρο-

357 912 448 1002 γόντα
472 909 621 1002 μητρόθεν
645 909 750 979 σκότον
781 905 848 980 0ὕὲ
877 913 908 977 ἐν
930 915 1087 1000 τροφαῖσιν
1110 905 1168 979 οὔτ’
1193 909 1387 1000 ἐφηβήσαντά
1406 939 1449 978 πιο
1468 906 1520 979 Odr’

358 1020 390 1083 ἐν
413 1017 530 1104 γενείου
554 1019 682 1103 ἱυλλυχῇ
707 1013 895 1103 τριχώματος
919 1016 992 1101 Δίκη
1015 1019 1157 1102 προσεῖπε
1178 1014 1231 1081 καὶ
1253 1013 1459 1102 κατηξιώσατο.

446 1125 577 1186 Lxxtx.
624 1121 853 1203 Aristophanes
876 1123 907 1184 in
931 1119 1053 1184 Avibus
1075 1141 1107 1182 v.
1127 1121 1208 1182 l3l3

585 1245 640 1314 οὐκ
662 1247 740 1314 ἔστιν
765 1243 851 1314 οὐδὲν
873 1252 926 1313 τοῦ
948 1247 1094 1313 πέτεσθαι
1114 1244 1313 1334 γλυκύτερον·

589 1353 660 1439 [ἐρῶ
684 1346 713 1415 δ’
739 1351 835 1438 ἔγωγε
857 1355 916 1414 τῶν
939 1351 971 1414 ἐν
994 1343 1105 1437 ὄρνισιν
1128 1347 1238 1436 νόμιον]

585 1451 777 1541 ὀρνιθομανῶ
799 1449 857 1540 γὰρ
880 1450 932 1518 καὶ
952 1454 1079 1539 πέτομαι
1101 1451 1153 1519 καλ
1176 1451 1324 1542 βούλομαι

586 1559 679 1622 οἰκεῖν
704 1553 774 1642 μεθ’
803 1552 885 1642 ὑμῶν
909 1551 1070 1642 κάπιθυμῶ
1092 1562 1148 1624 τῶν
1171 1554 1281 1642 νόμιον.

357 1692 457 1752 altero
480 1708 576 1752 versu
598 1687 694 1773 ἔγωγε
718 1691 750 1750 in
774 1689 901 1750 scholiis
916 1686 1041 1750 hldinis
1060 1690 1187 1768 legitur,
1211 1690 1351 1751 Venetus
1365 1687 1443 1750 liber
1462 1689 1525 1766 (nan

360 1795 524 1855 llavennas
547 1793 631 1853 illam
654 1790 886 1852 adnotationem
909 1791 1034 1873 omittit)
1062 1786 1123 1875 ἐγώ
1144 1815 1173 1854 τι
1195 1794 1228 1854 in
1251 1792 1377 1854 scholiis
1397 1791 1525 1870 idemque

359 1915 430 1957 oum
454 1895 630 1956 llevennati
654 1896 685 1954 in
711 1895 779 1973 ipsa
803 1891 907 1955 lobula
931 1892 1037 1972 hahet,
1064 1893 1193 1958 videtur
1207 1903 1314 1958 autern
1328 1896 1484 1957 lieltherus
1502 1893 1526 1954 id

358 2008 442 2060 recte
466 2002 499 2059 in
529 1991 590 2079 ἐγώ
612 2019 658 2060 τοι
680 2005 830 2058 mutasse.
877 1996 935 2058 sed
962 2007 1062 2058 toturn
1092 2000 1187 2060 istum
1216 2017 1343 2060 versum
1372 1999 1526 2060 lleinelius

359 2104 427 2162 iure
450 2103 567 2182 optimo
591 2101 740 2161 removit:
768 2118 873 2180 neque
897 2103 983 2162 enim
1006 2099 1161 2162 eiusmodi
1184 2102 1354 2181 quicquam
1376 2112 1462 2163 antea
1482 2119 1526 2180 po

357 2215 420 2265 test
448 2203 568 2265 dixisse
598 2203 652 2283 qui
682 2221 753 2262 mox
782 2203 826 2263 ait
854 2197 1016 2285 κάπιθυμῶ
1044 2205 1099 2264 τῶν
1122 2198 1220 2286 νόμων
1251 2202 1348 2285 idque
1370 2225 1410 2266 ex
1430 2203 1524 2266 causali

359 2307 579 2368 coniunctione
608 2304 788 2386 suspendit.
835 2307 976 2368 scholion
1014 2307 1072 2368 hoc
1105 2317 1171 2384 est,
1210 2301 1265 2370 οὐκ
1286 2303 1365 2370 ἔστιν
1388 2301 1468 2370 οὐδὲν
1486 2307 1526 2366 τῶ
1573 2363 1574 2370 ,

357 2408 511 2472 πέτεσθαι.
538 2401 616 2470 κατὰ
637 2409 740 2472 τοῦτον
763 2402 829 2479 ἑνὸς
851 2403 954 2492 στίχου
969 2405 1095 2494 φέρουσί
1115 2431 1192 2479 τινες
1213 2402 1377 2492 διάλειμμα
1399 2403 1447 2470 καὶ
1462 2403 1527 2490 Ἀρι-

359 2505 509 2598 στυφᾴνης
537 2505 778 2596 (Ἀριστοφάνους
799 2509 989 2593 Dindorfius)
1018 2505 1170 2596 πλήρωμα
1184 2503 1291 2588 οὕτως,
1320 2511 1409 2597 “epit
1430 2505 1455 2573 δ’
1479 2503 1525 2592 ἐγώ

359 2639 387 2679 τι
409 2618 468 2678 τῶν
491 2614 523 2677 ἐν
547 2605 658 2699 ὄρνισιν
682 2615 815 2697 νομῶν.”
846 2613 901 2676 uhi
926 2631 1038 2676 vereor
1060 2633 1101 2676 ne
1124 2617 1224 2697 νομῶν
1246 2625 1301 2677 aut
1323 2635 1410 2678 error
1430 2618 1467 2676 sit
1484 2621 1526 2674 aut

358 2729 581 2796 commentum,
608 2721 634 2779 is
657 2727 762 2780 autem
785 2719 841 2797 qui
865 2718 950 2780 hunc
969 2737 1095 2780 versum
1118 2717 1192 2788 lecit
1214 2710 1313 2799 νόμιον
1336 2719 1523 2780 intellexerit:

359 2825 408 2884 sin
431 2823 531 2903 νομῶν
555 2822 670 2898 voluit,
703 2839 766 2881 non
797 2821 952 2882 minuitur
982 2839 1017 2881 eo
1047 2821 1194 2882 versiculi
1225 2821 1375 2901 pravitas,
1407 2819 1459 2882 sed
1478 2819 1524 2880 alio

358 2928 485 2986 nomine
510 2926 543 2984 lit
571 2922 740 2985 absurdus.
787 2923 845 2985 sed
873 2924 959 2985 nullo
990 2933 1078 3003 pacto
1109 2922 1239 2985 credere
1269 2943 1396 3004 possum
1424 2922 1525 2984 Aristo

359 3029 493 3107 phanem
510 3028 706 3108 Byzantium,
732 3044 794 3087 non
818 3025 943 3088 hebetis
966 3028 1086 3106 ingenii
1111 3025 1281 3104 hominem,
1307 3036 1369 3087 tam
1386 3027 1523 3088 inficetum

359 3129 472 3191 iecisse
496 3148 633 3191 versum.
671 3148 794 3192 errasse
817 3131 921 3209 potius
944 3128 1071 3190 videtur
1091 3128 1274 3190 scholiastes
1297 3139 1329 3190 et
1350 3129 1432 3208 quod
1452 3147 1523 3188 acoe-

359 3242 447 3313 perat
469 3230 687 3293 conturbasse.
728 3251 800 3294 mox
822 3227 873 3294 καὶ
893 3230 1022 3313 πέτομαι
1044 3229 1135 3312 poet'a
1157 3250 1220 3292 non
1243 3243 1346 3312 potest
1368 3229 1521 3310 scripsisse.

359 3333 499 3396 nondum
523 3337 608 3396 enim
632 3335 714 3396 volat
737 3335 827 3397 homo
843 3336 977 3396 volatilis
996 3335 1078 3396 vitae
1102 3333 1248 3415 cupidus,
1274 3352 1379 3415 neque
1402 3332 1440 3394 de
1461 3333 1523 3410 figu-

359 3447 424 3498 rato
448 3437 539 3498 verbi
563 3457 622 3500 usu
646 3440 774 3517 cogitari
797 3449 912 3519 potest,
938 3457 1033 3517 quern
1057 3455 1149 3498 nemo
1166 3438 1385 3500 intellecturus
1399 3445 1462 3498 erat
1481 3431 1520 3494 uhi

358 3539 399 3603 de
420 3539 534 3602 avibus
558 3541 593 3601 lit
620 3559 734 3601 sermo.
782 3543 925 3621 ineptum
956 3559 1025 3602 esse
1061 3537 1190 3621 πέτομαι
1223 3539 1356 3602 llockius
1390 3538 1519 3599 intellexit

357 3641 628 3723 scribendumque
657 3645 778 3723 putavit
805 3637 856 3704 καὶ
884 3641 1028 3705 πέτεσθαι
1057 3637 1206 3726 βούλομαι
1227 3637 1327 3704 Οἰκῶν
1349 3635 1419 3724 μεθ’
1444 3634 1518 3720 ὑμῶν.

358 3747 436 3808 mihi
459 3755 620 3827 praestare
644 3744 771 3808 videtur
793 3744 879 3825 quod
901 3747 973 3807 olim
997 3733 1139 3824 conieci,'

606 3867 798 3958 ὀρνιθομανῶ
820 3869 878 3959 γὰρ
900 3870 952 3936 καὶ
973 3873 1118 3936 πέτεσθαι
1139 3866 1287 3956 βούλομαι

604 3970 713 4062 κῴκεῖν
737 3971 801 4060 μεθ’
828 3971 908 4060 ὑμῶν
931 3971 1093 4058 κάπιθυμῶ
1115 3978 1173 4038 τῶν
1196 3969 1306 4058 νόμιον.

357 4125 429 4167 nam
450 4116 480 4167 et
502 4106 620 4186 triplex
643 4102 694 4168 καί
715 4107 833 4186 optime
857 4106 1004 4168 convenit
1020 4105 1069 4166 his
1085 4103 1234 4166 versibus
1256 4113 1288 4165 ot
1310 4122 1350 4164 ex
1365 4101 1441 4162 crasi
1461 4113 1519 4158 oon·

356 4217 417 4270 stat
439 4225 533 4289 saepe
556 4217 646 4270 natos
669 4227 739 4270 esse
762 4227 898 4270 errores.
922 4201 1038 4293 κῴκίαν
1061 4216 1109 4270 est
1132 4208 1164 4268 in
1188 4205 1314 4268 Thesm.
1332 4224 1361 4266 v.
1381 4203 1450 4262 3l9.

443 4311 589 4374 Scholion
614 4313 647 4372 in
670 4309 729 4372 hv.
748 4329 780 4375 ν.
799 4310 860 4371 aas
886 4311 927 4374 ita
951 4309 1159 4373 scribendum
1176 4319 1262 4390 puto,
1287 4304 1411 4392 λπλβαλε
1428 4297 1518 4382 npt'rt

356 4407 520 4477 κύκλωσαι.
553 4405 596 4484 ῶς
617 4405 709 4476 ὅπλον
731 4415 888 4498 πανταχοῦ
915 4415 1010 4493 (τοῦτο
1031 4409 1089 4498 γὰρ
1111 4407 1144 4477 τὸ
1166 4411 1272 4494 παντᾶ)
1299 4404 1350 4492 τήν
1372 4406 1468 4490 πτῆσιν
1483 4393 1518 4462 hl

355 4511 439 4602 φόνιρ
461 4515 624 4600 γενομένην
646 4513 781 4600 περίαγε.
