3178 5136
330 345 404 419 530
724 361 768 422 Ex
790 380 886 423 arnna
910 363 1118 424 Brnournnssr.

328 541 440 633 πατρὸς
469 545 520 611 καὶ
549 548 641 633 μέγας
670 543 800 614 πλούτου
828 543 931 632 λιμήν,
966 551 1069 612 extitit
1097 549 1153 630 qui
1181 549 1304 629 pariter
1324 546 1488 632 Aeschylum

328 670 391 715 non
413 647 522 730 πολύς,
548 651 605 716 sed
628 651 721 737 μέγας
744 654 910 734 scripsisse
933 662 1096 716 statueret.
1137 651 1194 714 scd
1215 645 1308 722 πολύς
1329 669 1426 732 neque
1445 672 1492 733 per

329 773 362 818 se
395 773 502 836 neque
535 765 702 837 propterea
736 755 868 818 oilendit
898 756 984 838 quod
1016 756 1122 818 statim
1156 756 1304 836 sequitur
1330 747 1370 826 ὡς
1397 753 1424 817 tv
1450 757 1492 836 μιᾷ

327 856 429 942 πληγῇ
463 856 671 944 κατέφθαρται
704 853 797 929 πολὺς
823 848 952 943 Ὄλβας.
1005 877 1023 920 a
1051 857 1138 922 nulla
1169 858 1253 920 enim
1282 876 1317 919 re
1341 855 1493 938 Aeschylus

329 962 429 1042 magis
451 961 575 1024 alienus
597 961 657 1024 init
679 980 774 1042 quam
801 960 842 1023 ab
864 963 954 1023 anxio
977 971 1009 1024 et
1033 962 1105 1023 exili
1127 959 1233 1024 studio
1255 979 1319 1041 quo
1341 959 1490 1023 eorundem

328 1062 552 1126 vocabulorum
575 1066 797 1146 repetitionem
819 1066 946 1127 vitaret.

414 1167 584 1230 LXXXVII.
611 1167 730 1230 Plinius
752 1169 822 1230 Nat.
848 1169 971 1230 histri
994 1167 1034 1230 79
1068 1166 1236 1230 secundum
1257 1170 1367 1230 oudam
1387 1168 1493 1229 Noram
1584 1159 1585 1164 ’

328 1277 425 1332 stoma
446 1271 632 1351 appellatur,
658 1273 781 1334 tertium
798 1271 891 1334 Goion
913 1280 1010 1334 stoma
1031 1271 1125 1333 ιἀωια
1146 1270 1280 1332 institam
1296 1269 1491 1340 samnaticum,

327 1379 472 1454 quartum
484 1373 727 1451 Pseudostomon,
753 1375 827 1437 etin
842 1374 1102 1456 insuta‚Gonopon
1116 1372 1264 1452 anona,
1282 1379 1388 1454 postca
1400 1373 1494 1432 Borion

327 1482 422 1537 stoma
438 1483 467 1538 et
482 1476 584 1538 Psilon
599 1485 706 1539 stoma.
740 1479 826 1540 inter
847 1484 876 1539 at
898 1477 1050 1540 ininsula
1072 1485 1169 1558 atquc
1192 1483 1221 1538 et
1242 1475 1347 1538 insuia
1361 1474 1494 1536 fluctuant

328 1577 413 1640 libri.
449 1587 553 1660 potest
575 1581 608 1641 in
630 1599 667 1642 ex
689 1581 829 1662 proxima
852 1577 972 1663 syllaba
994 1587 1098 1640 ortum
1121 1597 1207 1658 esse,
1236 1577 1295 1640 sed
1316 1579 1383 1639 veri
1405 1588 1495 1639 mmen

328 1681 465 1743 similius
494 1691 542 1744 est
571 1683 703 1768 propius
732 1681 773 1744 ab
803 1701 839 1744 eo
863 1681 948 1765 quod
977 1682 1097 1745 Plinius
1125 1682 1253 1763 scripsit
1280 1679 1390 1744 abesse
1416 1681 1495 1755 etin,

328 1783 414 1864 quod
442 1802 515 1846 cnm
543 1803 606 1846 non
635 1795 741 1866 posset
771 1786 913 1867 intellegi
949 1787 982 1847 in
1009 1785 1150 1848 deletum
1182 1795 1240 1847 est.
1284 1803 1383 1866 quare
1408 1781 1498 1846 scribo

328 1888 404 1948 enin
426 1887 530 1949 insola
553 1888 692 1968 Conopon
715 1887 862 1950 diobasis.

414 1990 596 2054 IXXXVlll.
624 1990 752 2054 Curtius
775 2009 803 2052 rr
820 1991 857 2053 ta
876 1991 916 2052 28
941 1993 972 2052 in
995 1989 1139 2053 subsidiis
1161 2007 1229 2052 cnm
1251 2007 1346 2052 mann
1366 2007 1422 2050 sua
1436 1987 1500 2048 Goe-

326 2109 393 2169 nos,
415 2100 485 2172 post
506 2111 572 2154 enm
596 2094 721 2155 Orestae
743 2095 963 2176 Lyncestaeque
985 2100 1056 2156 sunt
1071 2087 1220 2179 (positi).
1242 2099 1313 2173 post
1334 2091 1401 2153 ilios
1422 2089 1501 2168 Poly-

327 2193 485 2276 sperclion.
511 2202 574 2258 tum
592 2198 751 2279 peregrini
771 2197 898 2259 milites:
929 2195 1020 2258 luins
1043 2197 1174 2280 onninis
1201 2197 1346 2278 princeps
1368 2191 1501 2273 Annia

327 2295 443 2359 aberat
483 2296 692 2378 probabiliter
702 2301 829 2382 positia
845 2299 949 2360 Fossio
971 2298 1116 2362 additum
1139 2308 1197 2360 est.
1236 2296 1355 2360 deinde
1377 2293 1502 2358 inlibris
1586 2369 1587 2372 Ἴ

328 2408 376 2462 est
398 2399 467 2462 dnn
492 2403 652 2484 peregrini
671 2403 776 2466 militis
811 2401 907 2484 idque
941 2421 1013 2464 cum
1046 2399 1254 2464 antecedente
1284 2401 1409 2461 nomine
1433 2417 1503 2459 oon·

328 2503 538 2584 iungebatur:
570 2503 648 2585 quid
672 2505 734 2568 dici
758 2506 934 2587 oportuerit
956 2505 1119 2586 perspexit
1141 2502 1335 2582 Hedickius‚
1367 2503 1503 2584 quitum

324 2607 483 2690 peregrini
502 2607 612 2670 milites
642 2608 780 2688 scripsit.
828 2607 912 2670 idem
942 2615 1010 2670 erat
1031 2609 1065 2669 in
1094 2606 1202 2670 αὸαναι
1222 2606 1388 2670 verissime
1408 2615 1504 2666 muta-

325 2710 383 2771 vit.
430 2728 529 2771 unum
553 2718 601 2772 est
622 2711 657 2771 in
680 2729 743 2792 quo
766 2709 806 2774 ab
830 2730 866 2773 co
889 2709 1085 2775 dissentiam.
1133 2729 1206 2774 nam
1235 2709 1305 2772 dun:
1327 2708 1408 2790 quod
1435 2707 1504 2768 libri

327 2810 445 2873 habent
468 2812 501 2873 in
524 2819 589 2874 tam
611 2812 798 2875 mutandum
829 2832 898 2876 esse
921 2812 1086 2876 crederem
1109 2814 1136 2875 si
1165 2813 1252 2876 nulla
1275 2821 1399 2895 praesto
1425 2821 1504 2872 essct

326 2914 428 2977 lenior
457 2914 653 2977 emendatio:
694 2917 782 2998 atqui
811 2918 986 2979 mutatione
1009 2917 1108 2979 multo
1129 2915 1342 2997 probabiliore
1363 2913 1505 2977 scribitur

326 3035 410 3079 mom.
457 3018 543 3079 nulla
574 3027 622 3080 cst
653 3020 737 3080 enim
761 3037 855 3080 causa
878 3019 956 3099 quin
981 3019 1126 3082 Curtium
1160 3037 1235 3081 mooe
1268 3020 1301 3082 in
1330 3018 1449 3080 ordinis
1476 3027 1503 3076 ct
1587 3015 1588 3020 ’

326 3120 384 3181 loci
407 3120 636 3200 significatione
660 3121 776 3184 dixisse
799 3132 949 3202 putemus
969 3121 1235 3203 quomadmodum
1251 3123 1372 3185 Plinius
1393 3122 1504 3200 aliique

326 3221 483 3284 dixerunt.
1092 3217 1095 3224 ⁴

412 3324 541 3388 Curtius
562 3345 591 3387 vr
614 3326 633 3385 o
660 3327 693 3386 ll
729 3329 829 3408 itapne
858 3345 936 3404 rem,
970 3327 1147 3410 indignatio
1169 3329 1200 3390 si
1222 3346 1288 3390 nno
1315 3345 1387 3410 pens
1412 3335 1505 3408 posset

325 3426 442 3508 efficere
463 3445 501 3489 nc
517 3430 647 3491 invictus
665 3437 751 3508 esset,
779 3429 988 3511 inpedimentis
1010 3449 1078 3492 nim
1089 3431 1247 3512 praesidio
1264 3431 1378 3493 relictis
1398 3431 1503 3492 incido

325 3549 419 3592 mann
441 3533 599 3594 comitante
624 3533 770 3613 procedit.
817 3533 993 3596 absurdum
1024 3544 1072 3596 est
1101 3535 1232 3612 invicta,
1264 3534 1378 3596 melius
1404 3543 1502 3604 autem

324 3633 457 3695 aliorum
491 3635 677 3698 commentis
711 3635 833 3714 valida,
869 3636 955 3717 quod
984 3636 1181 3699 lluetzellius
1208 3635 1412 3699 scribendum
1442 3655 1504 3697 esse

324 3737 469 3798 coniecit.
502 3737 653 3799 nimirum
670 3739 773 3818 potuit
796 3739 1013 3820 neglegentior
1028 3739 1179 3802 librarius
1202 3739 1304 3803 relabi
1327 3739 1368 3802 ad
1381 3741 1504 3802 invictus

325 3838 525 3920 quodmodo
554 3841 735 3921 scripserat.
785 3852 890 3904 tamen
921 3844 971 3904 vel
1002 3843 1048 3905 sic
1078 3841 1265 3905 credibilius
1287 3842 1368 3904 duco
1396 3843 1503 3904 maloin

325 3941 441 4005 facturn
465 3961 535 4004 esse
559 3961 596 4004 ex
617 3943 724 4006 multa.

411 4046 570 4107 LXXXIX.
598 4046 706 4108 Cicero
729 4046 769 4109 de
793 4047 854 4128 leg.
881 4046 1009 4131 1u§lt
1034 4045 1095 4111 Ati.
1121 4051 1175 4110 ain
1201 4049 1345 4110 tandem?
1380 4050 1468 4110 αἱααι
1488 4069 1504 4108 α

326 4147 433 4210 Stoicis
462 4149 522 4211 ista
550 4156 683 4212 tractata
712 4153 806 4212 sunt?
849 4153 892 4213 Μ.
917 4170 978 4214 non
1007 4171 1083 4214 sane
1112 4153 1175 4214 nisi
1195 4150 1234 4212 ab
1256 4169 1289 4214 oo
1311 4169 1396 4233 wem
1424 4151 1504 4212 modo

325 4251 483 4311 nominavi
503 4257 531 4312 et
549 4259 655 4332 posteo
677 4271 698 4313 a
720 4271 828 4336 magno
846 4253 963 4315 homino
985 4262 1012 4316 et
1035 4256 1068 4315 in
1086 4255 1198 4335 primis
1221 4254 1339 4316 endan
1356 4257 1501 4316 mnaso.

266 4369 398 4418 isonam
420 4359 536 4414 vannos
559 4353 649 4416 verbo
672 4343 764 4418 ιεηαεΙ
788 4363 875 4417 acute
897 4357 945 4418 iiii
966 4357 1085 4438 quidem
1108 4355 1162 4418 scd
1182 4375 1242 4418 non
1265 4357 1307 4419 ad
1328 4355 1406 4418 tnnc
1421 4375 1504 4419 nstin

229 4526 233 4536 ι
320 4454 502 4536 popularem
524 4462 613 4537 ataine
635 4457 753 4519 civilem
775 4458 812 4520 de
835 4459 1013 4540 republica
1041 4457 1250 4522 disserebant:
1288 4457 1327 4520 ab
1353 4458 1432 4522 limo
1456 4457 1503 4538 fn·
