3156 5132
548 427 716 491 Auttmrn.
1154 413 1226 486 315

52 617 124 684 nihil
152 627 199 682 est
220 615 308 684 aliud
330 633 425 696 qnam
449 615 534 696 qued
555 613 709 698 Apuleius
730 615 870 684 diuinum
891 615 1027 680 morbum
1050 617 1228 698 nuncupari

51 729 161 782 narrat.
206 719 420 800 nequeenim
445 720 559 782 mirum
583 727 631 784 est
653 718 812 798 Caelium,
843 719 1023 784 siccensem
1046 720 1165 800 patria,
1195 721 1228 784 in

51 823 104 884 iste
126 821 276 886 vocabule
291 820 437 890 nimium
459 831 602 886 secutum
627 841 696 887 esse
719 820 992 901 consuetudinem,
1018 841 1097 903 quos
1119 821 1228 887 divina

50 923 163 990 dixisse
178 926 290 989 deifica
306 925 427 1005 aliquot
442 924 597 1005 exemplis
608 924 720 990 decere
735 943 874 1006 pessum.
903 924 1048 988 Balunius
1060 927 1093 988 iu
1106 926 1228 990 Miscel-

48 1027 203 1098 laueerum
230 1027 311 1090 libre
333 1026 472 1092 secunde
495 1027 648 1108 quosdam
671 1027 768 1092 habet
790 1026 913 1096 libellos
935 1027 975 1093 ab
997 1025 1081 1094 nine
1104 1029 1227 1094 saecule

48 1142 112 1210 post
135 1132 295 1197 Christum
324 1140 433 1201 natum
462 1141 574 1211 quarte
597 1133 790 1212 conscriptes
812 1131 845 1197 in
868 1129 986 1211 quihus
1007 1131 1158 1212 frequens
1180 1114 1246 1197 est*

48 1233 122 1300 iilud
144 1233 343 1300 vccabulum.
390 1235 423 1298 iu
441 1235 586 1298 Passieno
608 1236 692 1298 enim
714 1235 813 1300 sancti
830 1234 941 1298 Felicis
964 1235 1103 1315 episcopi
1119 1232 1227 1316 Tuby-

47 1339 181 1403 incensis
211 1358 243 1419 p.
262 1337 302 1408 77
334 1338 469 1418 legimus
496 1337 590 1400 libres
619 1337 736 1419 deificos
766 1336 905 1404 metor?
935 1335 1054 1402 ibidem
1077 1357 1109 1417 p.
1128 1339 1168 1398 80
1199 1339 1228 1403 ai

47 1442 211 1520 scripturos
227 1440 347 1521 deificus
363 1440 486 1502 tradere
500 1441 647 1520 nolueris,
672 1442 768 1522 cupite
780 1441 932 1522 plecterit.
980 1441 1012 1502 in
1029 1439 1132 1504 Gestis
1147 1459 1226 1522 pur-

48 1544 175 1620 gationis
196 1543 309 1610 Felicis
330 1543 470 1625 episeepi
493 1541 701 1624 Aptungiteni
722 1562 755 1625 p.
773 1544 814 1605 85
838 1544 897 1620 dic,
923 1545 1028 1624 inquit,
1057 1544 1226 1608 Caeciliano

49 1649 136 1708 οοιιοο
164 1665 228 1710 meo
257 1647 337 1728 qnod
365 1646 479 1712 cedices
508 1649 611 1728 accepi
632 1651 780 1728 pretiosos
803 1647 920 1728 delmi
934 1667 977 1712 ιι.
1003 1645 1111 1708 ihdem
1134 1667 1165 1727 p.
1183 1649 1225 1708 89

50 1750 166 1812 Felicem
193 1757 312 1827 eumin,
344 1751 520 1832 retianum
548 1754 734 1832 episcopum,
766 1749 894 1817 liberum
922 1767 986 1814 ecee
1008 1749 1046 1814 αδ
1068 1751 1226 1812 mestum

50 1853 310 1916 instrumentorum
331 1851 504 1934 deificorum
525 1853 719 1935 mendesium
740 1861 801 1931 eet,
826 1872 893 1918 mom
914 1872 1000 1916 neme
1021 1855 1054 1916 in
1076 1872 1143 1916 mim
1165 1854 1225 1916 uli-

49 1956 113 2034 quid
129 1955 264 2038 prebere
281 1957 415 2038 poluerit
435 1955 515 2037 qued
535 1944 787 2039 relipioaiccimas'
811 1958 983 2039 scripturae
999 1957 1161 2020 tradiderit
1176 1958 1264 2021 velen

50 2062 205 2124 meiere
252 2061 385 2124 onnmm
411 2060 491 2122 enirn
512 2061 708 2144 interrepntie
730 2063 945 2144 suprascripto
966 2059 1160 2142 manifestate
1182 2068 1227 2126 est

51 2163 144 2226 nullos
171 2166 345 2244 ecripmras
374 2161 495 2244 ἀελίοιο
523 2165 572 2226 vel
601 2165 740 2231 inventes
762 2164 811 2226 vel
833 2171 994 2244 corruptus
1015 2163 1063 2224 nel
1084 2165 1225 2228 incensas

51 2263 154 2342 imese:
185 2285 268 2347 quae
292 2267 409 2347 repetit
431 2267 565 2347 Optatus
587 2268 753 2349 episcopus
775 2267 972 2331 hlilcvitanus
994 2265 1034 2330 de
1056 2267 1225 2330 schismate

52 2355 274 2434 Donatistarum
296 2369 381 2451 127,
413 2369 469 2435 ubi
501 2373 652 2451 scriptum
684 2380 733 2434 cst
761 2371 892 2437 omnium
922 2371 1002 2437 enim
1031 2371 1225 2452 interrepetie

52 2475 320 2553 suprascriptorum
342 2473 506 2556 manifesta
527 2481 581 2540 etl.
628 2468 685 2560 (de
702 2473 858 2554 Cypriane
878 2473 953 2538 vide
969 2491 1050 2554 quae
1068 2474 1225 2539 Hartelius

54 2574 78 2634 in
94 2576 194 2641 indice
209 2578 384 2656 congestim
411 2578 626 2646 Tertullianus
640 2587 663 2640 t.
679 2596 712 2640 ιι.
731 2597 763 2657 p.
778 2571 857 2664 icc>
873 2595 1001 2658 pessum
1016 2577 1077 2640 alin
1092 2574 1222 2654 addere,

54 2676 102 2738 sed
123 2679 172 2745 νοί
194 2680 241 2742 sie
263 2689 368 2744 metue
390 2699 431 2743 ne
455 2681 550 2744 nimis
572 2680 663 2761 longa
685 2681 858 2762 scriptione
881 2680 1031 2746 molestus
1053 2680 1135 2744 fiam.

129 2782 205 2849 Cum
228 2783 276 2844 eis
298 2801 379 2862 quae
403 2783 527 2850 Caelius
543 2782 734 2850 Aurelianus
756 2783 796 2848 de
819 2785 951 2864 puerilis
974 2781 1075 2845 morbi
1099 2782 1224 2846 nemine

55 2881 120 2946 dicit
147 2884 348 2966 conparanda
377 2896 451 2952 sunt
481 2905 562 2968 quae
585 2887 723 2952 Galenus
751 2885 847 2951 habet
870 2887 902 2948 in
926 2887 1125 2967 Hippocratis
1147 2885 1224 2966 Epi-

55 2985 218 3058 demiarum
230 3008 259 3054 ιι
283 3007 395 3055 comm.
411 3007 440 3052 ιι
456 3009 525 3072 cap.
542 2991 560 3051 7
581 2989 614 3072 (t.
629 3010 647 3054 ι
662 3011 694 3072 p.
708 2990 769 3056 nic
788 2992 857 3054 Bas.
874 2999 899 3053 t.
913 3007 944 3052 m
959 3010 991 3070 p.
1007 2989 1067 3050 55⁰
1086 2988 1221 3070 Cheru),

53 3083 98 3170 τὴν
118 3089 277 3176 ἐπιληψίαν
300 3089 328 3153 ei
349 3088 473 3161 παλαιοί
495 3089 547 3158 καί
569 3087 702 3178 μεγάλην
725 3087 811 3160 νόσον
828 3089 955 3160 ἐκάλουν
971 3087 1022 3158 καί
1035 3087 1132 3162 πάδοτ
1146 3113 1223 3157 παι·
1325 3169 1331 3178 ¹

56 3189 119 3270 δίον,
146 3188 246 3280 ὥσπερ
269 3188 357 3268 αὐτὸς
379 3189 612 3281 ὃἹπποιράι-ιις
633 3196 665 3260 δν
687 3199 731 3281 τῷ
751 3192 819 3281 περί
841 3189 957 3262 ὑδάτων
979 3191 1031 3258 καί
1054 3189 1150 3281 ἀέρων
1172 3191 1224 3260 καί

54 3289 149 3376 τόπων,
172 3292 278 3381 ἐπειδὴ
301 3292 378 3362 κατὰ
399 3293 453 3382 τὴν
474 3303 533 3364 τῶν
548 3298 664 3365 παίδων
678 3293 797 3383 ἡλικίαν
812 3294 980 3370 πλεονάζει.
1028 3300 1225 3380 Hippocratis

56 3399 138 3462 verba
153 3413 226 3469 sunt
248 3421 317 3482 cup.
335 3403 367 3480 3,
390 3401 468 3466 τοῖσι
482 3399 516 3468 δὲ
530 3400 675 3468 παιδίοισι
688 3401 851 3468 ἐπιπίπτειν
868 3397 1019 3488 σπασμοὺς
1034 3397 1085 3466 καί
1099 3394 1224 3485 debun-

56 3521 96 3579 τα,
117 3494 136 3568 ά
157 3503 311 3589 νομίζουσι
332 3498 365 3568 τά
387 3504 505 3572 παιδίον
527 3506 639 3572 ποιέειν
661 3501 712 3572 καί
735 3503 800 3594 ipit
824 3509 928 3574 νοῦσον
944 3503 1034 3572 εἶναι.
1080 3525 1143 3586 que
1159 3515 1224 3568 ret-

59 3606 118 3670 tulit
131 3609 256 3674 Feesius
277 3603 415 3676 παιδικὸν
437 3603 535 3682 aiem
558 3609 644 3692 qued
659 3609 744 3692 apud
759 3611 942 3674 Eretianum
959 3611 1085 3692 legitur.
1122 3610 1224 3689 serip-

58 3709 248 3776 seruantem
270 3711 399 3777 videtur
421 3715 626 3796 Hippocrates
648 3708 681 3778 rb
702 3706 895 3797 ποιδήιονἼ.

128 3817 256 3880 &mum
272 3814 417 3880 morbum
432 3827 573 3880 veeamm
589 3835 659 3878 esse
675 3817 862 3898 epilepsiam
878 3827 1008 3898 prepter
1019 3815 1091 3878 mali
1104 3814 1226 3896 magni·

59 3915 185 3982 tudinem
214 3919 385 3984 mnlterum
415 3919 512 3984 luisse
540 3918 669 3984 videtur
698 3921 815 4002 opinio.
862 3920 966 4002 paullo
994 3920 1103 3983 scitius
1130 3937 1225 3999 quam

59 4018 100 4080 alii
122 4021 175 4084 hee
196 4022 298 4087 morbi
320 4041 434 4087 nemen
458 4024 688 4103 interpretatur
710 4025 892 4088 scholiastes
915 4023 947 4086 in
969 4021 1124 4103 Apollonii
1141 4022 1225 4084 liho-

60 4117 95 4184 dii
116 4126 239 4206 itote,
272 4120 338 4211 ἱερὴ
368 4122 401 4189 δὲ
424 4123 597 4212 φατίζεται·
629 4119 696 4190 κατ’
723 4118 922 4212 εὐφημιαμόν.
968 4120 1006 4190 τὰ
1027 4119 1083 4210 γάρ
1107 4119 1225 4209 μεγάλα

60 4227 107 4288 τῶν
133 4229 236 4294 παθῶν
265 4222 411 4314 εὐφήμως
440 4226 506 4314 lepti
535 4225 586 4296 καί
615 4223 695 4293 καλά
725 4251 843 4314 φαμεν,
873 4223 914 4301 ὡς
942 4223 993 4293 καί
1014 4224 1067 4299 τὰς
1085 4221 1224 4313 Ἐρινύας

64 4333 245 4352 ’ῃ-

133 4381 154 4444 'l
174 4381 188 4448 [
188 4385 331 4448 Adsumpsit
349 4385 478 4448 Hunptiua
487 4390 594 4447 praeter
603 4385 749 4436 Alemondri
765 4385 891 4436 l'rnllinni
901 4387 1055 4436 mentionem
1068 4387 1094 4444 (l
1107 4389 1138 4432 ic
1148 4397 1176 4446 p.
1192 4389 1224 4434 tn

68 4459 126 4522 ΒΜ)
137 4471 208 4518 mnne
221 4469 307 4550 Heneti
319 4483 420 4530 ιιωιιιιι,
439 4473 484 4536 pul
497 4469 680 4534 nunonem
698 4476 716 4521 t.
732 4475 771 4520 ix.
790 4483 817 4532 p.
832 4475 864 4520 et
883 4467 954 4522 δτῖον
970 4483 1020 4533 pro
1037 4467 1135 4522 παιδίον
1147 4471 1225 4520 scribi

67 4548 133 4602 hiet:
149 4557 205 4616 culti
223 4555 335 4620 Hauptie
352 4559 436 4610 νίιιιια
453 4561 496 4616 cit,
515 4569 567 4606 nen
585 4554 690 4622 liquet]
