3178 5136
595 397 701 461 Venta.
1165 381 1238 454 535

146 584 203 645 tet
221 584 271 645 49.
305 583 433 660 delirus,
457 603 517 646 non
532 585 666 648 deleres.
700 596 748 648 est
770 585 892 648 delerns
916 587 947 646 in
964 585 1050 647 Notis
1066 585 1244 647 Tironiauis

67 706 94 766 p.
111 687 160 764 97,
183 687 390 749 deleromentu
414 687 500 768 apud
522 689 710 750 Frontonem
732 709 765 770 p.
785 691 825 751 32
849 687 942 767 Nab.‚
968 687 1112 751 delenitos
1137 697 1168 750 et
1190 687 1244 749 de·

68 791 164 852 lerntio
186 791 219 851 in
242 791 378 852 vetustis
400 790 635 872 exemplaribus
657 791 748 854 Nonii
771 812 803 872 p.
823 793 883 852 tao
902 793 954 852 20.

145 894 202 954 tta
222 895 251 955 l.
276 911 395 970 sonus,
420 913 481 956 non
499 912 600 957 soora.
641 905 689 956 est
711 913 818 958 socroe
840 897 872 956 in
897 896 987 956 titulo
1011 895 1043 956 in
1060 895 1243 956 Mommseni

69 997 154 1058 lnscr.
181 1015 207 1057 r.
232 996 330 1078 Neap.
356 996 432 1060 847.

146 1100 203 1161 499
229 1101 280 1161 tr.
321 1099 437 1180 adbuc,
468 1120 529 1162 non
556 1100 647 1163 odire.
694 1101 780 1181 apud
802 1103 991 1164 Frontonem
1013 1119 1045 1182 p.
1065 1101 1127 1163 995
1151 1102 1239 1162 llom.

66 1190 141 1264 cdnc¹
157 1203 309 1284 scriptum
326 1212 385 1284 est,
404 1203 504 1266 adbuc
519 1203 615 1266 habet
629 1204 773 1266 Naberus
788 1224 820 1285 p.
837 1204 915 1266 ⁴79:
942 1206 1119 1285 putaverim
1135 1213 1243 1267 autem
1253 1213 1302 1260 too

64 1303 137 1368 illud
158 1323 228 1367 esse
251 1307 284 1367 in
308 1304 428 1369 codiee.
475 1307 537 1368 alia
564 1305 669 1369 adbuc
692 1307 838 1370 vocabuli
863 1307 1047 1389 depravatio
1076 1307 1154 1369 haec
1184 1306 1245 1368 fuit

64 1418 95 1468 ut
115 1407 275 1470 diceretur
297 1418 330 1470 ct
352 1408 548 1471 scriberetur
569 1408 708 1472 adhunc.
755 1410 885 1490 saepius
914 1409 993 1473 illud
1016 1409 1137 1471 odbnne
1164 1409 1245 1489 legi-

62 1521 109 1572 tur
129 1513 161 1573 in
184 1510 293 1573 codiee
309 1512 547 1574 Institutionum
562 1511 641 1592 Gaii,
669 1514 695 1575 si
720 1489 806 1574 rect⁰e
829 1513 978 1574 memini:
1006 1523 1073 1575 tum
1096 1509 1245 1574 in's'cho-

62 1613 106 1674 liis
139 1613 170 1674 in
202 1613 386 1676 Ciceronem
408 1614 618 1677 bobiensibus
640 1635 673 1695 p.
698 1614 760 1678 262
784 1615 824 1676 25
847 1616 901 1676 Or.
954 1633 1060 1696 neque
1096 1614 1137 1676 ad
1164 1613 1246 1676 bone

62 1716 140 1796 quod
162 1719 194 1778 iu
212 1718 330 1779 Horatii
354 1717 470 1780 lambis
493 1720 511 1779 9
531 1717 569 1779 l'i
586 1719 676 1780 multi
693 1718 766 1780 libri
783 1718 901 1780 babent
920 1720 1131 1799 legeruntque
1154 1718 1245 1779 schn-

61 1821 162 1882 liastae
186 1821 357 1902 quicquam
381 1820 469 1883 aliud
492 1831 540 1882 est
555 1839 651 1902 quam
674 1821 773 1884 adbuc
788 1822 912 1902 vulgari
927 1823 1004 1883 vitio
1022 1819 1241 1902 depravatum.

138 1923 246 1986 xcix.
277 1921 437 1986 Arnobius
460 1943 470 1986 1
493 1923 533 1984 t5
557 1942 639 1986 unns
664 1922 727 2006 suit
748 1943 763 1984 e
784 1923 870 1986 nobis
892 1924 946 2005 qui
967 1923 1093 1985 claudos
1115 1941 1244 1984 currere

58 2025 260 2107 praecipiebat
280 2035 312 2088 et
334 2028 395 2088 iam
412 2028 657 2106 processerant‘.l
676 2028 837 2109 porriqere
852 2045 975 2089 mancos
990 2044 1122 2088 manos:
1146 2034 1173 2088 et
1188 2045 1244 2087 nr-

60 2129 138 2192 tratti
157 2128 339 2190 mobilitates
361 2131 424 2190 iarn
446 2130 595 2212 inqenitm
611 2129 830 2210 explicabant?
852 2138 955 2210 captos
969 2129 1111 2191 membris
1133 2147 1244 2191 cesur-

59 2250 141 2313 9ere:
171 2239 199 2294 et
223 2231 287 2292 inm
308 2249 381 2294 snos
403 2229 577 2312 referebant
604 2233 693 2295 lectos
717 2233 826 2296 alienis
852 2233 947 2314 paolo
977 2241 1047 2294 onte
1075 2232 1244 2295 cervicibus

60 2334 131 2396 loti?
153 2335 296 2397 videmos
319 2334 423 2396 vedere
445 2327 631 2397 inminibus:
656 2343 684 2398 et
705 2337 768 2397 inm
790 2337 907 2398 coelum
925 2335 1061 2416 diemque
1083 2334 1245 2397 cernebant

59 2437 146 2500 nullis
168 2457 241 2500 cum
262 2437 357 2500 oculis
376 2439 557 2518 procreati?
600 2439 643 2500 ita
666 2440 744 2500 haec
766 2437 990 2501 conformanda
1020 2457 1089 2500 esse
1119 2439 1240 2500 censui.

58 2539 107 2600 ubi
129 2542 220 2621 posui
246 2549 275 2602 et
295 2541 358 2602 inm
377 2549 593 2621 processerant
608 2542 761 2621 scriptum
777 2551 845 2602 erat
867 2542 958 2602 etiam
980 2541 1080 2620 operis
1097 2558 1147 2602 res
1163 2547 1239 2618 erat,

59 2642 137 2723 quod
158 2662 268 2724 neque
290 2662 349 2724 per
371 2661 406 2705 se
429 2643 571 2725 intellegi
593 2653 698 2723 potest
728 2661 834 2723 neque
863 2662 933 2705 cum
963 2645 1146 2705 continuata
1169 2661 1243 2704 sen-

59 2749 223 2809 tentiarum
248 2745 347 2808 lomna
369 2748 525 2827 congruit.

137 2850 171 2912 C.
198 2849 414 2912 Tertullianus
436 2849 477 2911 ad
499 2858 655 2930 martyras
670 2848 738 2930 ipso
753 2846 827 2910 libri
846 2849 935 2910 initio
952 2849 1037 2908 Inter
1059 2849 1163 2909 carnis
1179 2847 1240 2908 ali-

59 2961 161 3032 mento,
189 2951 338 3014 benedicti
358 2958 511 3032 martyres
533 2951 694 3034 desiccati,
720 2969 797 3033 quoe
819 2949 903 3012 nobis
926 2957 954 3012 et
974 2951 1149 3011 eommunis
1172 2967 1241 3010 mn·

57 3062 97 3115 ter
118 3056 246 3119 ecelesia
267 3054 305 3116 de
326 3054 470 3117 uberibus
493 3056 560 3118 sois
582 3061 610 3116 et
631 3055 747 3138 sinqtdi
765 3053 883 3134 fratres
906 3053 942 3114 de
964 3051 1071 3133 opibus
1086 3053 1152 3115 suis
1164 3070 1242 3133 pro-

53 3159 128 3236 priis
156 3161 188 3220 in
218 3175 373 3220 carcerem
400 3157 648 3234 subministrant,
690 3158 787 3238 capite
814 3156 931 3237 aliquid
958 3163 1027 3218 eta
1054 3154 1140 3218 nobis
1162 3155 1241 3237 qnod

54 3257 141 3336 faciet
161 3261 204 3323 nd
227 3261 372 3343 spiritum
394 3261 595 3322 educandum.
629 3259 686 3322 ubi
709 3261 877 3321 communis
901 3260 991 3339 posui
1014 3267 1082 3319 erat
1104 3257 1238 3319 domino.

57 3363 235 3426 Franciscus
257 3365 378 3442 lunius,
403 3364 459 3445 qui
482 3364 653 3426 communic
675 3361 859 3445 ponendum
883 3381 953 3423 esse
976 3361 1128 3440 coniecit,
1161 3379 1242 3440 quo-

57 3467 156 3530 minus
180 3465 213 3528 id
239 3465 325 3547 quod
347 3485 457 3528 verum
487 3476 535 3528 est
562 3464 794 3546 adsequeretur
817 3483 853 3527 eo
882 3463 1055 3544 impeditus
1085 3462 1241 3542 estquod

56 3581 157 3648 postea
181 3589 247 3633 non
272 3578 356 3631 reete
380 3567 545 3649 legebatur
567 3569 700 3652 sinyoln.
