3252 5130
561 417 791 478 'derisoriam
1200 403 1274 476 613

84 608 218 670 similius
253 623 348 686 quam
378 607 548 668 Dorionem
577 607 732 668 Timothei
767 606 935 687 Nauplium
970 609 1003 668 in
1036 607 1108 669 aulo
1138 607 1274 688 Philippi

83 709 271 790 productum
302 711 458 772 inrisisse.
506 719 627 771 mortuo
657 709 802 790 Phiiippo
836 726 909 772 eum
945 708 1031 791 apud
1060 707 1274 773 Alexandrum

83 823 243 875 versatum
267 831 337 876 esse
360 811 530 875 credemus
553 813 708 875 Chorioio.
741 811 840 874 idem
863 812 980 874 Dorion
1011 811 1130 875 tibicen
1154 813 1272 876 librum

82 915 211 995 scripsit
225 914 267 977 de
282 914 433 996 piscibus,
461 931 557 995 quem
573 914 692 976 librom
706 913 891 976 Athenaeus
906 915 1033 996 saepius
1048 927 1270 979 conmemorat.

84 1017 251 1080 falsissime
285 1021 371 1081 enim
408 1017 734 1098 Schweighaeuserns
767 1019 993 1098 interpretetus
1024 1029 1076 1080 ‘est
1109 1035 1191 1100 quae
1221 1036 1274 1082 rur

82 1139 114 1201 p.
131 1115 211 1182 337b
232 1109 402 1202 leguntur,¹
425 1116 521 1184 πόθεν
542 1115 571 1182 δ’
598 1113 677 1204 ipis,
703 1111 729 1182 d
752 1113 931 1204 copritheos,
957 1120 1072 1204 ἐπῆλθε
1091 1118 1146 1184 adl
1161 1116 1177 1186 ὃ
1193 1115 1315 1207 ὀψο-4ο

82 1217 169 1306 λόγος
193 1222 317 1308 Δωρίων
339 1217 381 1296 ὡς
403 1219 454 1286 καὶ
476 1216 666 1309 οινΠραφεός
688 1245 732 1294 τις
753 1218 928 1306 γενόμενος
960 1215 993 1287 ὃν
1016 1219 1077 1308 ἐγώ
1098 1245 1272 1310 κρουματο-

81 1321 165 1390 ποιὸν
204 1322 273 1390 οἶδα
299 1320 520 1410 ὀνομαζόμενον
555 1319 607 1388 καὶ
640 1324 803 1412 φίλιχθυν,
835 1325 1012 1413 συγγραφέα
1046 1325 1079 1391 δὲ
1114 1319 1162 1392 οὔ.
1210 1347 1274 1390 non

82 1438 179 1510 negat
199 1428 382 1492 Athenaeus
405 1431 572 1492 Dorionem
594 1428 759 1491 tibicinem
783 1429 823 1491 de
848 1430 989 1512 piscibus
1012 1431 1190 1511 scripsisse,
1216 1431 1273 1493 sed

81 1553 151 1594 (ium
175 1531 256 1593 libro
279 1534 413 1613 septimo
435 1531 533 1595 multa
556 1528 669 1596 fuisset
690 1551 801 1596 eorum
824 1551 906 1613 quae
928 1535 1043 1595 Dorion
1066 1534 1106 1596 de
1131 1533 1272 1613 piscibus

80 1637 261 1716 scripsisset
289 1637 456 1716 memoria,
490 1637 701 1698 Democritum
732 1653 825 1699 suum
855 1638 899 1698 iia
921 1637 1008 1717 loqui
1032 1636 1105 1698 iacit
1135 1645 1170 1701 ut
1193 1639 1273 1699 scri-

80 1740 178 1818 ptoris
201 1725 313 1800 limam
337 1738 565 1816 obscuriorem,
592 1738 732 1800 tibicinis
755 1748 849 1820 atque
870 1733 1028 1824 ὀψοφάγου
1043 1739 1271 1802 creberrimam

80 1860 148 1902 esse
172 1843 353 1922 significet:
381 1861 443 1924 quo
467 1851 498 1903 et
521 1861 557 1904 ea
580 1851 749 1922 praeparat
764 1840 948 1904 Athenaeus
970 1862 1052 1923 quae
1076 1863 1147 1906 mox
1165 1845 1271 1924 prola-

80 1955 170 2006 turus
193 1955 243 2006 est
265 1954 297 2008 et
319 1946 413 2008 simul
437 1943 666 2026 quodammodo
689 1944 911 2008 reconditioris
932 1946 1121 2008 eruditionis
1145 1945 1270 2008 laudem

79 2057 195 2128 captat.
243 2057 329 2109 recte
365 2049 416 2109 ilia
451 2049 652 2110 intellexerat
684 2047 898 2110 Casaubonus.
953 2058 1060 2111 contra
1091 2068 1153 2110 non
1186 2058 1271 2112 recta

79 2150 244 2212 Fabricius
266 2152 299 2214 in
322 2151 515 2214 Bibliotheca
539 2151 656 2214 Graeca
681 2161 703 2212 t.
728 2169 780 2214 xm
804 2172 836 2232 p.
857 2152 917 2212 tlh
941 2161 973 2213 ct
997 2152 1211 2215 Schneiderus
1237 2155 1270 2214 in

78 2253 274 2333 praelatione
296 2253 336 2316 ad
359 2252 538 2317 Aristotelis
562 2255 729 2316 historiam
759 2256 941 2317 animalium
963 2273 995 2335 p.
1020 2273 1075 2316 nur
1102 2255 1271 2316 Dorionem

79 2357 164 2418 inter
187 2355 328 2418 medicos
350 2357 564 2421 conlocarunt.
611 2373 683 2418 nam
713 2375 784 2420 cum
814 2359 910 2420 multa
941 2377 981 2420 ex
1010 2359 1079 2420 eius
1101 2357 1182 2419 libro
1203 2353 1271 2443 περὶ

80 2452 196 2543 ἰχθύων
218 2457 259 2520 ab
281 2457 444 2522 Athenaeo
467 2460 684 2541 proferantur,
718 2462 797 2522 nihil
822 2463 853 2521 io
884 2463 929 2522 eis
960 2469 1008 2523 est
1032 2461 1114 2542 quod
1138 2460 1179 2522 ad
1202 2479 1271 2522 me-

79 2563 183 2624 dicum
200 2581 392 2643 magnopere
407 2565 576 2644 pertineat,
595 2555 751 2648 ὄψοφάγον
767 2574 873 2626 autem
887 2563 1028 2644 produnt
1043 2581 1124 2643 quae
1142 2585 1174 2645 p.
1193 2563 1270 2626 987ο

79 2659 154 2726 iliir
168 2659 247 2726 309¹
267 2659 344 2726 3li‘
365 2667 523 2747 leguntur.
572 2676 679 2728 utrum
703 2665 787 2728 idem
810 2681 850 2728 an
873 2667 954 2727 alius
977 2667 1019 2726 sit
1039 2665 1155 2726 Dorion
1178 2667 1269 2728 ouius

81 2763 249 2853 Γοωργικὸν
264 2768 447 2832 Athenaeus
462 2787 496 2830 ur
511 2787 544 2850 p.
563 2769 619 2830 78·
634 2779 845 2830 conmemorat
861 2787 924 2832 non
939 2767 1068 2830 videtur
1082 2785 1174 2848 posse
1190 2767 1266 2832 dici.

164 2890 353 2952 cxxxvlii.
401 2891 436 2952 ln
459 2890 542 2954 Diris
565 2890 690 2970 ignotus
719 2883 812 2952 nobis
841 2898 934 2970 poeta
963 2886 1038 2950 inde
1068 2907 1211 2986 eversu
1227 2889 1268 2950 26

79 2995 193 3056 silvam
221 3011 311 3056 suam
342 2995 450 3055 militis
480 3013 574 3056 manu
609 2994 784 3074 perituram
813 2992 983 3072 deplorans
1019 2991 1059 3054 ita
1095 2992 1269 3072 querellam

82 3097 160 3158 linit.

235 3199 339 3261 militis
363 3201 456 3280 impio
478 3217 545 3262 cum
567 3199 700 3261 succidet
721 3199 851 3261 deoctcra
870 3197 957 3280 ferro

232 3301 444 3384 formosusque
465 3301 574 3364 cudent
596 3301 734 3364 umbrae.
757 3302 922 3383 sorotosror
945 3301 1007 3363 iilis

238 3407 306 3486 ipsa
328 3405 429 3480 codes,
457 3407 567 3468 veleris
589 3405 707 3467 domiui
722 3403 828 3486 felicio
850 3405 947 3488 ii'pao.

79 3551 233 3605 secuntur
255 3543 333 3604 haec
355 3561 385 3602 v.
411 3543 464 3618 at,

235 3647 430 3726 nequiquam.
477 3647 591 3708 nostris
611 3647 711 3727 potius
734 3645 841 3707 devota
864 3643 972 3708 libeliis

235 3746 355 3831 r'ynibus
378 3748 521 3810 aetheriis
540 3747 697 3832 liaprcbii.
745 3750 892 3830 luppiter,
918 3749 983 3828 ipsc

235 3853 373 3932 Iuppiter
394 3851 473 3914 boae
495 3852 591 3913 cluit:
615 3852 691 3912 cinis
714 3849 786 3912 baec
809 3849 864 3912 libi
881 3851 936 3930 fiat
959 3857 1081 3931 oporiet.

79 3973 212 4034 orationi
242 3990 304 4052 qua
334 3990 415 4052 quae
445 3979 537 4032 antea
566 3970 650 4032 diota
685 3981 758 4033 sunt
794 3971 996 4050 corriguntur
1014 3987 1088 4036 ¹non
1121 3969 1269 4031 convenit

79 4077 281 4157 nequiquam:
306 4073 509 4136 scribendum
533 4075 630 4154 igitur
653 4093 721 4136 esse
745 4073 873 4136 videtur
894 4091 1097 4154 rrequoquum.
1145 4081 1211 4133 tum
1235 4072 1269 4131 in

80 4179 172 4239 tertio
194 4195 292 4238 versu
314 4177 369 4240 tibi
388 4177 482 4239 valde
505 4177 670 4258 displicet:
703 4195 775 4238 nam
800 4176 951 4236 molestus
979 4185 1027 4236 est
1057 4177 1170 4237 tertiae
1193 4193 1269 4254 per-

80 4299 174 4344 sonae
198 4281 232 4342 in
255 4281 386 4343 aiteram
409 4281 572 4342 transitus.
620 4290 696 4361 puto
719 4278 925 4342 scribendum
949 4297 1030 4340 esse.

234 4402 372 4482 Iuppiter
393 4399 473 4462 iano
494 4401 590 4462 oluit:
614 4402 691 4462 cinis
714 4399 787 4462 ineo
809 4401 880 4461 love
900 4400 954 4478 fiat
977 4407 1099 4479 oportet.

81 4519 114 4579 in
138 4518 261 4582 eisdem
284 4521 368 4582 Diris
392 4519 465 4582 inde
489 4539 505 4582 a
529 4539 625 4582 versu
648 4519 686 4579 63
711 4521 790 4580 hacc
812 4519 929 4600 scripta
952 4527 1036 4596 sunt,
