3156 5132
331 401 404 473 330
726 417 769 477 Er
793 436 889 480 ιιιιιι
913 419 1119 480 &rauranum

326 624 388 666 nou
417 606 569 668 dissimile
594 605 750 685 estquod
773 607 902 668 Carolus
924 607 1095 670 Muellerus
1118 609 1240 688 Fragm.
1266 609 1374 672 histor.
1396 611 1487 672 Gracc.
1573 645 1574 680 ι

327 719 348 770 ι.
369 727 397 770 ιι
419 727 452 788 p.
471 708 532 770 530
557 710 687 786 conicit,
713 710 746 769 iu
770 709 980 790 Etymologico
1003 703 1175 795 Ξεναγόρας
1197 731 1267 774 esse
1291 711 1487 776 scribendum:
1573 759 1574 766 ι

281 813 291 838 '
325 813 510 892 Xenagoras
533 812 617 872 enim
642 811 795 873 Chronica
818 815 945 893 saepius
967 824 1263 878 commemorantur.

412 913 477 977 Sed
500 914 585 995 quod
600 915 720 977 Plinius
743 924 888 995 topazum
911 917 1008 977 solam
1024 915 1178 980 nobilium
1197 937 1388 998 gemmarum
1404 919 1489 980 limam
1573 965 1574 994 ι

326 1019 444 1081 sentire
466 1016 577 1079 scribit
594 1019 626 1077 in
643 1027 781 1078 mentem
799 1019 874 1080 mihi
893 1030 1017 1082 revocat
1032 1021 1092 1082 alia
1108 1019 1291 1084 eiusverba
1307 1040 1386 1102 quae
1400 1041 1491 1084 emen·

327 1121 453 1184 datioue
470 1119 625 1202 indigent.
659 1119 769 1182 eodem
787 1123 873 1182 euim
890 1121 971 1183 libro
981 1141 1078 1184 xxxva
1096 1121 1186 1206 §200
1202 1125 1279 1186 haec
1295 1125 1386 1205 vulgo
1399 1126 1493 1206 legun·
1556 1106 1574 1198 ἰ

327 1234 390 1302 tur,
415 1225 536 1287 decussi
553 1224 721 1307 srapmeati
741 1225 820 1305 arcad
842 1226 873 1285 ia
896 1225 1002 1288 lamna
1019 1227 1104 1308 sarri
1122 1235 1260 1288 morabar
1275 1228 1492 1308 efficacissimam
1556 1216 1574 1276 ²1

313 1329 568 1409 -empem'mentam
597 1334 749 1388 mearant
777 1346 940 1410 maapoaes
967 1347 1172 1410 peramarum,
1204 1339 1349 1392 recusant
1376 1332 1495 1394 simliter
1573 1371 1574 1404 ι

327 1439 355 1493 at
377 1432 467 1494 llatae
487 1430 702 1511 probationem.
752 1432 894 1510 ineptum
918 1441 966 1492 est
988 1431 1068 1493 illud
1090 1432 1169 1513 quod
1190 1435 1223 1494 ia
1239 1433 1344 1494 lamna
1355 1433 1433 1515 saal
1443 1453 1495 1494 aa·
1572 1473 1574 1509 p

327 1543 428 1596 ratur.
477 1533 534 1596 sed
557 1551 619 1595 uon
643 1535 748 1595 minus
772 1534 914 1615 ineptum
938 1534 1093 1615 estquod
1116 1555 1156 1597 ex
1179 1535 1260 1596 libro
1276 1537 1493 1618 bambergensi,

329 1639 361 1698 iu
390 1655 452 1717 quo
482 1637 587 1698 lamaa
617 1637 649 1698 in
679 1637 741 1698 ima
769 1637 978 1717 depravatum
1007 1648 1072 1716 est,
1104 1657 1207 1719 nuper
1230 1639 1347 1702 elicere
1369 1639 1426 1702 sibi
1446 1641 1494 1700 risi
1573 1688 1574 1714 3

328 1751 418 1820 sum,
451 1739 530 1822 quod
559 1741 589 1800 ia
620 1740 694 1802 lima
717 1738 800 1820 ferri
827 1748 977 1802 moratur.
1025 1760 1096 1802 nam
1126 1751 1157 1803 et
1180 1743 1254 1804 lima
1271 1742 1357 1824 farri
1375 1742 1494 1806 absurde
1560 1763 1574 1823 J.

328 1842 456 1922 dicitor‚
482 1853 568 1905 certe
591 1843 757 1920 inutiliter,
782 1853 815 1905 et
836 1841 1019 1906 addendum
1043 1853 1111 1906 erat
1126 1846 1219 1925 quale
1237 1857 1321 1908 esset
1337 1847 1411 1909 illud
1426 1847 1495 1926 lrag·
1571 1893 1574 1901 ,

329 1948 426 2008 menti
457 1947 489 2006 in
517 1947 589 2022 lima
621 1947 772 2008 morantis
794 1949 1049 2027 experimentum
1074 1959 1104 2010 et
1126 1950 1272 2029 sequitur
1294 1959 1330 2012 ut
1352 1949 1493 2011 diversum

328 2051 584 2130 experimentum
605 2049 697 2109 limae
722 2048 875 2128 probatio.
922 2051 1049 2131 scripsit
1072 2051 1191 2114 Plinius
1212 2053 1336 2114 decussi
1351 2053 1496 2136 [reputati
1573 2099 1574 2104 1

328 2153 407 2234 qaod
429 2154 461 2214 la
483 2153 587 2214 laaraa
606 2152 689 2233 ferri
711 2161 821 2214 uratur
843 2152 1082 2234 efficacissimam
1104 2157 1346 2236 emperimcnhtm
1366 2163 1495 2218 amomon

328 2274 491 2338 maapaaes
512 2273 709 2338 pantanorum.

414 2359 491 2421 Vlll.
517 2358 656 2421 isidorus
678 2359 845 2438 Originum
862 2379 890 2420 ιι
907 2359 926 2421 7
942 2360 982 2421 34
1008 2360 1085 2422 haec
1107 2362 1245 2443 scripsit,
1271 2365 1431 2444 satyriasis
1445 2365 1497 2444 inat
1573 2421 1574 2433 ι

329 2461 513 2524 desideriam
535 2463 654 2524 Veneris
670 2481 737 2524 atat
752 2464 928 2524 eoetmsioaa
942 2463 1134 2524 neutralium
1150 2465 1301 2526 locorum:
1319 2465 1400 2529 dt'cta
1410 2465 1497 2547 passio
1573 2511 1574 2520 1

329 2585 350 2626 a
371 2566 495 2646 satyris.
545 2575 613 2647 post
637 2565 715 2626 haec
736 2565 854 2643 verba,
879 2584 961 2646 quae
984 2567 1098 2628 similia
1122 2576 1197 2629 suut
1219 2569 1265 2629 eis
1288 2587 1370 2648 quac
1393 2569 1497 2631 Caelius

329 2669 519 2731 Aurelianus
542 2669 608 2731 Cel.
635 2687 718 2748 pass.
737 2687 770 2730 ιιι
795 2669 885 2730 initio
907 2671 1020 2750 capitis
1038 2671 1075 2730 l8
1101 2669 1189 2750 dicit,
1216 2671 1248 2732 in
1272 2670 1364 2734 libris
1379 2673 1497 2735 Gothicis
1573 2723 1574 2730 ,

329 2770 437 2834 addite
459 2771 520 2833 alia
542 2781 616 2832 snut
639 2789 741 2851 eaque
763 2770 805 2832 ab
829 2772 881 2832 illo
903 2781 1088 2852 argumento
1110 2783 1174 2834 tam
1196 2774 1299 2836 aliena
1317 2785 1354 2836 ut
1368 2774 1497 2856 adpareat

331 2893 370 2936 ex
393 2874 483 2937 docto
505 2874 611 2953 aliquo
634 2873 716 2935 libro
738 2883 886 2955 excerpta
909 2886 1034 2937 etcum
1057 2876 1138 2938 forte
1162 2877 1248 2938 nulla
1269 2878 1331 2940 alia
1355 2876 1496 2940 chartaod

289 2993 457 3040 armanum
481 2985 564 3038 esset
587 2978 618 3038 in
642 2995 774 3040 vacuam
797 2967 996 3059 erdemplaris
1012 2980 1147 3042 alicuius
1160 2980 1328 3060 Originum
1344 2984 1497 3062 marginem
1573 3039 1574 3044 ,

331 3081 469 3142 coniecta
493 3099 574 3142 esse.
621 3079 722 3142 edidit
744 3100 780 3142 ea
802 3080 958 3144 Arevalus
980 3092 1003 3143 t.
1022 3102 1055 3144 ιιι
1080 3103 1112 3164 p.
1131 3073 1210 3162 566⁴,
1245 3083 1391 3147 Gothicas
1411 3097 1496 3147 autem

331 3182 446 3262 libros,
472 3193 507 3246 ut
530 3203 570 3244 ex
593 3185 639 3244 eis
661 3183 794 3265 adparet
817 3203 898 3265 quae
921 3195 944 3246 t.
963 3206 972 3246 ι
996 3207 1029 3266 p.
1047 3186 1108 3247 320
1133 3187 1293 3267 leguntur,
1319 3188 1439 3250 codices
1457 3205 1498 3248 cc-

332 3287 446 3349 clesiae
463 3287 628 3348 Toletanae
652 3286 728 3349 dicit
750 3287 932 3350 charactere
949 3288 1078 3352 Gothico
1101 3301 1256 3352 exaratos.
1305 3291 1339 3353 iu
1357 3291 1405 3353 his
1419 3291 1498 3370 igitur
1573 3361 1574 3364 Ἴ

332 3389 472 3452 Gothicis
500 3389 592 3452 libris
621 3390 697 3452 haec
726 3391 843 3470 scripta
874 3401 964 3469 sunt,
998 3393 1171 3456 aleoeaader
1192 3393 1446 3477 historiopraplms
1464 3393 1498 3451 att

331 3493 451 3556 volscos
485 3492 536 3566 (al.
561 3493 673 3575 vulsas)
708 3493 831 3575 quidam
860 3495 1027 3576 appellatos
1055 3498 1143 3558 arant
1164 3518 1184 3558 a
1206 3498 1310 3559 vulsco
1338 3495 1498 3578 antiphatele

331 3597 476 3679 stupebis
507 3597 581 3676 filio.
630 3595 735 3677 fabius
770 3615 883 3679 quaque
912 3599 1040 3662 sicolicis
1075 3599 1123 3680 (al.
1154 3601 1198 3661 sic
1227 3601 1338 3684 coticis)
1370 3599 1498 3682 prosam

332 3705 473 3780 compto
502 3701 622 3761 nomiae
653 3701 773 3761 volscos
803 3702 846 3762 ait
875 3701 978 3764 dictas.
1034 3721 1095 3764 non
1126 3701 1345 3766 dubitabimus
1373 3705 1443 3766 haec
1467 3699 1497 3762 ad

333 3803 513 3865 Cornelium
534 3800 752 3865 Alexandrum
777 3805 1000 3884 Polyhislorem
1032 3805 1125 3867 etad
1149 3808 1187 3878 Q.
1212 3806 1344 3868 Fabium
1367 3809 1497 3868 Pictorem

333 3907 468 3984 referre,
501 3925 634 3986 quorum
658 3907 713 3986 qui
737 3907 889 3987 reliquias
912 3909 1172 3988 conquisiverunt
1195 3927 1258 3970 nou
1282 3909 1455 3972 inciderunt
1474 3909 1497 3967 in

333 4009 417 4070 illam
440 4008 685 4072 adnotationem.
733 4010 932 4073 emendanda
954 4021 1003 4073 est
1017 4021 1122 4074 autem
1138 4012 1197 4075 hoc
1212 4011 1316 4090 modo,
1341 4009 1497 4076 aleonora

332 4111 594 4195 historapaptas
616 4114 662 4175 ait
685 4114 823 4176 ‘Volscos
845 4113 969 4196 qnidam
991 4115 1157 4196 appellatas
1180 4116 1267 4178 αιἰιιιι
1289 4137 1311 4178 ιι
1339 4119 1435 4178 Volsco
1448 4111 1497 4176 ⁴la-

333 4214 465 4296 aptatae
480 4217 693 4298 Laestrypoais
712 4217 796 4296 filio)
843 4217 953 4278 Fabius
976 4235 1090 4299 qaoque
1112 4239 1132 4280 o
1148 4219 1261 4280 Siculis
1280 4221 1426 4302 profectas
1445 4233 1496 4278 aar·

332 4326 422 4399 rapto
444 4320 564 4380 narniae
585 4319 703 4381 Volscos
726 4321 770 4382 ait
792 4321 896 4382 dictos.
943 4321 1048 4383 Vulsci
1073 4322 1158 4384 illius
1179 4321 1314 4384 fabulosi
1337 4321 1495 4384 memoriam

333 4439 396 4482 nou
426 4420 575 4483 recordor
602 4440 653 4483 me
682 4421 757 4482 alibi
791 4425 948 4504 reperire:
986 4423 1044 4486 sed
1072 4435 1170 4486 totum
1202 4424 1281 4486 illud
1309 4433 1493 4488 commentum

334 4525 477 4604 congruit
513 4543 582 4585 oum
614 4543 649 4584 ea
679 4527 826 4606 opinione
856 4546 917 4608 qua
948 4529 1106 4606 Formiae,
1142 4528 1324 4601 Volscorum
1353 4525 1491 4607 oppidum,
