3182 5132
337 399 411 472 390
729 417 772 477 Ex
796 435 892 478 aeaut
915 419 1125 478 Baaonrsassr.

337 605 488 667 iudicium
506 607 575 668 eius
596 624 666 667 raro
684 604 830 668 videatur
852 623 914 668 non
931 605 1129 687 probandum
1145 627 1226 669 esse.
1274 627 1315 669 ex
1329 625 1387 686 quo
1400 625 1492 686 genere

338 726 435 770 unum
458 709 628 788 proleram.
675 709 829 788 scripturn
852 719 920 770 arat
942 701 1011 790 cap.
1032 711 1069 770 tr
1094 711 1138 772 sic
1154 711 1315 786 Caecilius,
1339 717 1365 771 et
1379 710 1494 770 renidens

339 811 427 890 (uam
450 811 667 894 iudipaatiouis
690 812 754 874 eius
778 819 923 874 tumorem
946 813 1061 893 effusae
1083 814 1229 876 orationis
1252 815 1375 895 impetus
1389 813 1496 874 reloca-

337 913 440 994 verat)
463 913 578 995 Ecquid
600 914 641 976 ad
663 913 752 990 baec,
777 915 839 990 ait,
864 914 955 977 audet
978 917 1139 992 Octavius,
1164 915 1248 978 domo
1273 917 1422 979 Plautinae
1437 936 1496 997 pro-

336 1019 461 1098 sapiae,
493 1025 526 1079 ut
545 1019 696 1098 pistorum
715 1021 904 1099 praecipuus
926 1020 970 1081 ita
988 1026 1159 1100 postremus
1179 1019 1436 1102 pbilosophorum?
1458 1020 1497 1080 bic

333 1121 484 1202 pistorum
501 1121 640 1184 Halmius
662 1122 695 1182 in
714 1121 958 1184 Christianorum
980 1123 1123 1200 mutavit,
1149 1122 1288 1186 Stioberi
1308 1134 1425 1186 mantus
1438 1141 1497 1184 eon·

339 1225 507 1304 iacturam,
539 1243 634 1306 quam
665 1225 697 1286 in
721 1224 915 1306 praelatione
938 1247 971 1307 p.
990 1245 1038 1286 xrr
1062 1225 1180 1290 laudat.
1227 1226 1305 1288 dicit
1327 1227 1408 1288 enim
1428 1227 1498 1288 illum

338 1329 518 1392 acutissime
548 1328 742 1392 intellexisse
770 1329 914 1409 ineptum
933 1330 1084 1410 pistorum
1106 1339 1209 1392 ortum
1233 1349 1303 1393 esse
1326 1349 1366 1392 ex
1386 1330 1502 1410 genuino

279 1431 515 1496 sessorironvu.
563 1451 625 1494 non
649 1419 787 1494 memini¹
816 1431 952 1513 syllabas
973 1431 1116 1494 vocabuli
1146 1433 1232 1496 illius
1253 1433 1382 1494 alteram
1404 1442 1432 1493 et
1452 1441 1504 1493 ter·

337 1537 411 1596 tiam
436 1537 479 1598 ita
500 1536 612 1616 omitti,
638 1555 743 1616 oeque
767 1536 866 1616 magis
889 1536 962 1598 novi
985 1537 1126 1600 nsidera.
1175 1535 1381 1600 illudentem
1403 1545 1505 1600 eertum

339 1658 408 1702 esse
431 1648 518 1720 puto,
543 1640 570 1702 si
594 1640 635 1700 ita
659 1638 828 1702 scribimus
851 1657 914 1702 non
937 1639 1079 1720 intellegi
1101 1640 1238 1721 amplius
1253 1660 1346 1722 posse
1362 1640 1507 1704 curOrta-

338 1743 410 1804 vius
439 1741 563 1804 dicatur
591 1741 676 1804 borno
701 1743 858 1806 Plautinae
883 1744 1059 1824 prosapiae.
1107 1741 1156 1806 lna
1177 1745 1262 1806 enim
1287 1763 1361 1807 eum
1382 1763 1399 1805 a
1420 1743 1507 1804 Plauto

338 1865 439 1926 genus
461 1844 654 1908 deduxisse:
689 1866 750 1926 quo
774 1847 880 1926 lepore
904 1846 936 1908 id
960 1847 1010 1908 hic
1033 1849 1309 1910 conmemoratur‘l
1338 1857 1441 1910 cantra
1461 1865 1506 1926 pe-

323 1948 450 2010 ·tulanti
476 1947 554 2010 illud
571 1948 698 2010 Caecilii
721 1949 853 2012 orationi
876 1948 1020 2030 adprime
1043 1951 1192 2012 convenit
1214 1952 1241 2012 si
1256 1949 1405 2012 Oatavius
1417 1951 1506 2029 aliquo

338 2050 429 2114 modo
458 2052 623 2132 pistrinam
655 2051 834 2116 exercebat.
882 2053 1032 2116 videntur
1062 2054 1146 2116 enim
1179 2053 1257 2116 mibi
1280 2053 1403 2134 priores
1423 2054 1506 2113 inter-

338 2165 447 2236 pretes
463 2155 637 2217 Plautinam
654 2156 832 2237 prosapiam
850 2165 935 2218 recte
952 2157 1144 2220 intellexisse
1161 2175 1234 2220 oum
1250 2175 1405 2220 memores
1419 2163 1506 2216 essent

339 2259 529 2321 narrationis
553 2277 615 2339 qua
632 2259 758 2322 Plautus
781 2261 891 2340 pistori
914 2279 948 2321 se
972 2260 1089 2322 locasse
1112 2260 1313 2341 perhibetur.
1352 2259 1408 2322 sed
1423 2259 1507 2320 missis

337 2363 388 2425 bis
416 2373 447 2426 et
475 2361 633 2426 similibus
665 2362 858 2444 quibusdam
886 2364 957 2425 aliis
986 2365 1125 2444 experiri
1155 2364 1225 2427 volo
1253 2383 1330 2427 num
1358 2362 1505 2428 emendam

338 2468 455 2548 possim
485 2486 547 2529 non
578 2467 663 2530 nulla
693 2487 774 2548 quae
805 2467 838 2528 in
861 2468 987 2530 llinucii
1018 2466 1099 2530 libro
1128 2467 1268 2531 nondum
1300 2478 1385 2534 reete
1411 2468 1506 2545 scripta
1569 2473 1570 2478 ’

338 2581 425 2634 sunt.

424 2675 500 2756 Cap.
521 2676 560 2735 lb
585 2673 667 2738 liber
690 2674 850 2736 Parisinus
873 2674 950 2736 baec
973 2674 1116 2755 praebet,
1146 2693 1199 2736 uec
1221 2674 1416 2738 dissimulabo
1433 2673 1507 2754 prio·

337 2780 414 2860 cipio
437 2780 483 2841 ita
500 2779 621 2841 Natalis
644 2780 703 2839 mei
723 2785 878 2840 emortum
900 2797 1011 2860 capam
1033 2778 1182 2840 lubricam
1205 2785 1332 2842 nutasse
1352 2778 1506 2840 centaurea

337 2890 370 2944 ut
398 2885 438 2948 eil
464 2881 550 2944 uobis
572 2881 784 2964 ambipeudum
806 2890 910 2943 utrium
933 2889 986 2944 tuo
1008 2882 1138 2944 enrdilr‘o
1161 2881 1285 2944 turbata
1307 2884 1347 2944 sit
1369 2901 1409 2942 au
1430 2877 1506 2942 socd-

339 2987 449 3048 loverit
467 3005 525 3067 per
547 3004 695 3047 errorem.
742 2986 847 3066 qualis
863 2985 1101 3065 significationis
1117 2983 1306 3048 vocabulum
1322 2982 1454 3048 absurdo
1468 2981 1506 3042 illo
1568 2989 1569 3032 ξ

338 3097 392 3151 tua
421 3089 550 3152 enrditio
579 3088 782 3152 obscuratum
813 3089 854 3150 sit
886 3087 1013 3151 tandem
1046 3089 1239 3152 intellectum
1267 3098 1316 3150 est
1338 3108 1354 3150 a
1378 3087 1505 3158 Vahleno,
1568 3083 1569 3096 ¹

339 3192 438 3272 ipsam
462 3203 567 3254 autem
591 3211 654 3273 qua
669 3193 825 3254 llinueius
849 3210 925 3254 usus
949 3202 996 3254 est
1013 3210 1121 3253 vocem
1137 3210 1200 3252 non
1217 3189 1346 3253 videtur
1361 3190 1507 3256 adsecutus

339 3315 419 3358 esse.
467 3315 538 3358 nam
569 3295 654 3378 quod
678 3315 750 3358 mox
773 3295 967 3359 dicitursed
990 3297 1021 3356 in
1044 3295 1152 3357 Natali
1172 3313 1235 3356 meo
1257 3295 1422 3356 versutiam
1443 3293 1503 3366 tiolo,

338 3418 398 3462 noo
420 3399 521 3475 eredo,
548 3417 584 3460 eo
607 3399 748 3462 variatur
771 3401 881 3476 oratio,
908 3401 939 3460 in
966 3399 1018 3460 illo
1040 3407 1145 3461 autem
1169 3405 1222 3460 tua
1237 3398 1368 3460 enrditro
1382 3417 1438 3460 noo
1453 3414 1506 3456 rer-

338 3503 421 3566 sulia
441 3503 529 3581 latet,
554 3501 612 3564 sed
635 3501 775 3583 uafritia.
823 3511 931 3564 notum
955 3511 1003 3563 ost
1026 3520 1121 3582 quam
1144 3519 1239 3582 saepe
1263 3519 1278 3562 e
1301 3511 1333 3562 et
1351 3499 1372 3582 s
1384 3497 1505 3562 insertis
1567 3553 1568 3568 ,

339 3606 535 3668 litteraturae
566 3605 739 3686 generibus
761 3613 993 3686 permutentur.
1042 3606 1148 3684 itaque
1171 3623 1243 3666 euru
1266 3603 1401 3684 scriptae
1421 3609 1506 3664 essem

339 3709 398 3772 bae
429 3709 554 3772 litterae
583 3707 676 3789 uass,
708 3707 879 3772 uidebatur
906 3707 967 3770 sibi
999 3708 1116 3788 aliquis
1147 3707 1253 3787 legere
1275 3725 1374 3768 uaer:
1403 3725 1439 3768 ex
1458 3721 1506 3782 quo

339 3831 447 3875 errore
470 3821 537 3875 orta
561 3810 679 3874 deinde
703 3820 751 3874 est
776 3812 887 3874 inscita
909 3811 1051 3872 omnium
1075 3810 1202 3872 illarum
1227 3810 1506 3888 litterarumque

340 3917 400 3978 iam
424 3935 487 3978 non
511 3925 656 3996 poterant
680 3915 834 3995 intellegi,
860 3915 1001 3978 mutatio.

427 4019 502 4100 Gap.
522 4019 557 4079 21
587 4018 664 4080 haec
687 4019 857 4096 dicuntur,
886 4018 1030 4080 Prodicus
1053 4017 1229 4098 adsumptos
1253 4017 1285 4076 iu
1306 4015 1377 4078 deos
1398 4013 1509 4094 lopritur

340 4125 394 4206 qui
420 4122 555 4184 arraudo
584 4123 713 4184 inventis
742 4123 828 4183 novis
848 4120 992 4204 frupibus
1015 4121 1142 4184 utilitati
1162 4119 1315 4181 domiuum
1335 4118 1507 4200 prosuerunt.

341 4225 516 4290 delendum
540 4243 609 4288 esse
630 4224 773 4308 [rupibus
796 4226 929 4288 Ursinus
953 4225 1126 4286 intellexit:
1159 4231 1312 4285 secuntur
1334 4223 1416 4284 enim
1437 4221 1507 4284 haer.

344 4331 375 4390 io
398 4329 524 4391 eaodem
546 4331 726 4390 seoterdiam
748 4335 776 4389 et
799 4330 947 4390 Persaeus
960 4325 1193 4408 philosophatur
1208 4331 1236 4388 et
1250 4325 1381 4388 adnectit
1395 4326 1510 4386 irueotm

340 4431 448 4514 stupes
471 4438 499 4492 et
517 4430 645 4514 [nepum
667 4437 838 4512 repertores
862 4430 955 4492 adem
978 4429 1159 4504 nominibus,
1184 4437 1218 4490 ut
1233 4429 1363 4492 comicus
1377 4446 1465 4490 sumo
1476 4429 1509 4482 αἱ

351 4536 489 4596 Venerem
518 4537 584 4596 sine
606 4534 712 4598 Libero
742 4541 770 4596 et
793 4535 901 4596 Cerere
926 4533 1054 4616 sripere.
1102 4531 1160 4598 sed
1189 4533 1285 4596 etiam
1314 4530 1441 4594 maudo
1459 4543 1505 4588 non
