3156 5132
332 398 405 470 342
733 421 772 478 lix
798 437 892 480 traam
917 421 1124 482 Buaoatnarrsr.

330 605 443 668 metica
465 603 483 688 §
502 607 562 667 ⁴08
585 606 661 669 adn.
680 609 733 686 at,
760 608 922 690 proboque
942 611 1164 691 paraphrasin,
1188 605 1301 674 ἐνθάδε
1321 605 1504 695 {primitae-

330 708 423 793 μίζων
447 703 541 795 λύτρα
562 707 613 774 καὶ
634 707 684 774 τὸν
707 706 811 797 νεκρὸν
834 710 966 798 λαβέτω,
992 708 1046 776 ἐὰν
1070 708 1107 797 δὴ
1130 708 1278 800 πρυθύμιρ
1301 716 1382 801 ψυχῇ
1406 711 1421 780 ό
1441 711 1505 786 Ζεύς
1571 761 1573 800 ,

328 808 417 884 αὐτὸς
445 807 566 899 κελεύῃ.
615 816 754 878 scholion
785 814 940 878 habemus
970 817 1029 879 hoc
1059 819 1091 878 in
1116 817 1207 880 libris
1230 819 1432 882 Bessarioneo
1451 821 1505 881 lle-
1572 817 1573 838 ¹

325 920 452 980 senensi
475 920 670 998 victoriano,
696 914 789 1005 τῇδ’·
814 913 881 981 ἀντὶ
901 923 954 982 τοῦ
977 917 1108 1000 ἐνθάδε,
1134 915 1176 993 ὃς
1199 922 1299 1007 “riht
1321 917 1378 1008 γὰρ
1399 919 1505 1007 ἔβρισαν
1572 963 1573 1004 ρ

334 1022 529 1105 (κνιιδλθ).”
575 1017 609 1087 τὸ
632 1020 666 1087 δὲ
689 1018 736 1107 εἴη
761 1017 826 1086 ἀντὶ
848 1024 901 1086 τοῦ
924 1018 965 1086 ἴοι
987 1016 1007 1108 ἢ
1029 1024 1241 1110 παραγένοιτο.
1288 1020 1305 1089 δ
1331 1021 1506 1110 δᾶΖόαιρος
1572 1011 1573 1084 J

262 1136 312 1183 ata
327 1126 389 1208 {roi
420 1119 568 1212 Ζωπύρου
598 1128 805 1210 Victorianus)
839 1121 907 1190 ἀντὶ
935 1117 995 1191 τοῦΙ
1025 1125 1115 1191 ἔστιν.
1163 1149 1204 1191 ne
1234 1131 1287 1192 hic
1314 1129 1439 1211 quidem
1465 1125 1505 1212 alr,

323 1230 453 1294 aliunde
474 1229 600 1293 deduco
624 1251 719 1312 quant
742 1230 783 1291 ah
806 1227 895 1294 εἶναι.
943 1243 1020 1313 puto
1042 1233 1128 1295 enim
1152 1227 1223 1318 τῇδ’
1249 1228 1297 1317 εἴη
1314 1233 1506 1316 eundipno-
1572 1259 1573 1296 3

324 1335 512 1415 scotiaeque
529 1335 672 1396 notiones
688 1337 730 1399 ita
746 1340 942 1418 coniungere
958 1345 993 1398 ut
1009 1336 1121 1398 Graeci
1139 1338 1237 1400 multa
1251 1336 1397 1400 breviter
1411 1337 1506 1400 dicum

325 1447 356 1499 et
385 1438 546 1499 simillime
570 1438 669 1500 Latini
701 1439 759 1503 huc
781 1441 854 1504 odes
877 1449 1087 1520 nostrumque
1111 1439 1226 1520 vulgus
1248 1442 1295 1502 sei
1315 1440 1381 1502 ter.
1425 1440 1505 1502 deni-

324 1560 387 1621 que
411 1541 446 1602 ll.
465 1561 501 1602 xr
518 1542 559 1602 82
582 1536 648 1604 ἔνθ’
681 1539 746 1627 εἴην
768 1537 788 1628 ἢ
812 1543 888 1608 ἔνθα
912 1545 980 1626 ipse
1004 1541 1156 1604 Lehrsius
1180 1543 1346 1605 verissime
1371 1541 1506 1606 iudicarit

326 1655 410 1706 mete
435 1644 628 1706 intellectum
653 1665 722 1709 esse
745 1647 785 1710 ah
803 1647 996 1724 Aristarcho,
1022 1647 1113 1706 cuius
1128 1647 1322 1707 sententiam
1338 1665 1378 1708 cx
1394 1647 1505 1708 scholiis

325 1748 487 1828 praeclare
511 1749 607 1811 eruit.
654 1744 782 1835 <aperte
805 1761 911 1812 autern
935 1769 1065 1831 pravam
1083 1751 1360 1829 grammatioorum
1375 1735 1504 1830 quomo-
1571 1797 1573 1836 ,

322 1849 396 1912 dam
420 1850 595 1912 doctrinam
619 1863 748 1915 secutus
770 1865 819 1915 cst
843 1855 897 1935 qui
914 1872 1043 1915 carmen
1060 1854 1092 1913 in
1109 1853 1241 1933 Sulpicii
1257 1854 1385 1914 Maximi
1400 1853 1504 1915 tunulo

323 1953 364 2015 ad
394 1963 515 2034 portam
539 1955 692 2016 Salariam
722 1975 827 2038 nuper
849 1959 961 2019 ellosso
985 1955 1178 2036 insculptum
1203 1954 1345 2018 condidit
1373 1955 1454 2038 (hott.
1475 1955 1502 2016 d.

325 2058 424 2120 instit.
448 2057 586 2119 archeol.
614 2059 690 2120 l87l
719 2079 752 2140 p.
774 2060 860 2142 tta),
885 2059 968 2122 dixit
988 2061 1076 2122 enim
1100 2052 1165 2141 εἴης
1187 2059 1290 2142 χῶρον
1311 2057 1345 2130 λς
1365 2053 1504 2142 ι’ρλύσιον.)

411 2162 520 2241 ltaque
547 2181 618 2222 cum
642 2157 689 2245 εἴη
715 2162 798 2224 idom
822 2163 1002 2243 significare
1025 2181 1117 2243 posse
1140 2171 1236 2242 atque
1259 2156 1302 2224 ἴοι
1324 2162 1409 2224 noello
1430 2171 1503 2222 certo

324 2265 469 2344 exemplo
486 2273 618 2344 mnstct,
635 2285 697 2327 non
712 2267 808 2346 plane
823 2265 976 2328 satisfacit
992 2265 1161 2346 explicatio
1173 2283 1235 2345 qna
1248 2265 1397 2327 Lehrsius
1408 2283 1504 2326 versus

325 2368 394 2428 illos
414 2368 484 2448 (Op.
504 2368 629 2450 filies.)
658 2369 889 2450 interpretatur
909 2366 1031 2449 quibus
1054 2367 1209 2430 llesiodus
1231 2368 1421 2430 rusticorum
1441 2387 1503 2450 opa-
1572 2393 1573 2440 3

326 2489 394 2532 rum
419 2472 690 2534 enumerationem
716 2473 796 2550 linit,

1065 2568 1162 2659 αύτὰρ
1184 2569 1260 2657 ἐπὴν
1285 2568 1323 2658 δὴ

526 2673 680 2760 Πληιάδες
703 2672 736 2739 θ’
756 2671 866 2750 (λ’άδις
888 2700 920 2742 τε
942 2672 976 2742 τό
999 2700 1032 2741 τε
1054 2677 1161 2749 σθένος
1180 2672 1323 2762 Ὠρίωνος

524 2773 662 2860 δύνωσιν,
688 2775 750 2843 τότ’
778 2776 872 2844 ἔπειτ’
898 2775 1008 2866 ἀρότου
1029 2779 1221 2864 μεμνημένος
1243 2777 1324 2844 εἶναι

523 2880 654 2969 ὡραίου·
676 2881 789 2950 πλείονι
813 2881 846 2948 δὲ
869 2879 947 2948 κατὰ
969 2879 1083 2970 χθονὸς
1106 2875 1234 2969 ἄρμενος
1256 2879 1316 2967 εἴη.

324 2989 464 3069 explicat
489 2991 541 3066 ita,
566 2989 653 3050 dono
675 2987 804 3071 pertenire
826 2988 882 3049 der
905 2997 975 3051 root
996 2989 1061 3051 atad
1082 2989 1140 3050 dos
1157 2988 1236 3068 jotr
1256 3000 1341 3070 ιιιϋρε
1362 2982 1499 3050 scttotr'ct

286 3139 289 3146 .
330 3091 369 3172 (t.
388 3111 412 3153 e.
439 3091 576 3155 omatibus
599 3094 657 3154 rite
676 3092 820 3174 peractis)
848 3099 939 3154 anter
961 3092 1009 3154 die
1031 3091 1104 3153 crde
1125 3091 1230 3174 ychen.
1275 3101 1306 3152 ot
1329 3089 1499 3152 sententian

325 3193 454 3276 quidem
480 3196 592 3257 horum
616 3216 766 3260 versuum
792 3205 876 3258 rccte
901 3195 977 3256 milri
1003 3192 1131 3256 videtur
1155 3194 1372 3275 perspexisse,
1402 3190 1498 3253 sedita

325 3293 372 3382 εἴη
398 3299 449 3360 illo
472 3299 643 3380 scrupulus
666 3300 744 3384 mihi
768 3308 877 3362 restat.
926 3317 1038 3361 vereor
1061 3307 1167 3360 autem
1191 3317 1232 3358 ne
1256 3297 1352 3358 etiam
1369 3293 1498 3357 hioantt'·

325 3421 424 3484 quum
456 3403 568 3464 vitium
591 3401 765 3465 tollendum
788 3401 1061 3483 scribendumque
1084 3402 1125 3462 sit
1146 3397 1258 3466 πλείων
1281 3396 1316 3463 δὲ
1338 3391 1411 3462 κατὰ
1429 3395 1498 3481 χθο-

325 3500 375 3577 νὸς
397 3495 525 3591 ἄρμενος
548 3501 617 3569 εἶσι.
666 3507 807 3569 futurum
830 3517 957 3587 tempus
980 3514 1067 3586 patet
1089 3505 1288 3585 aptissimum
1313 3523 1393 3566 osse.

411 3608 476 3672 Sed
506 3619 540 3672 nt
569 3610 694 3690 culpam
731 3607 884 3670 redimam
920 3627 1016 3688 quant
1045 3607 1095 3670 his
1124 3605 1360 3688 opinationibus
1386 3606 1497 3667 tortasse
1569 3639 1570 3642 =

325 3713 498 3774 commerui
528 3711 639 3794 (sentio
662 3713 751 3800 enim·
772 3731 866 3792 quam
884 3713 945 3773 sint
964 3709 1112 3792 incertae]
1134 3711 1230 3772 alium
1248 3709 1374 3772 llesiodi
1391 3723 1497 3768 uersum
1569 3685 1570 3704 ¹

325 3818 481 3898 corrigam
503 3826 602 3894 certa,
628 3825 664 3877 ut
678 3817 756 3877 mihi
774 3815 906 3896 quidem
923 3814 1062 3894 videtur,
1089 3813 1322 3876 emendatione.
1369 3811 1498 3874 dieantur

325 3921 403 3983 haec
427 3919 502 3981 inde
525 3938 542 3980 a
567 3939 597 3979 v.
617 3921 691 3998 668,

440 4077 451 4088 .
480 4025 574 4106 τῖμος
597 4017 626 4084 δ’
651 4017 801 4107 εὐκρινέες
824 4015 850 4083 τ’
878 4012 972 4107 αὖραι
993 4017 1045 4085 καὶ
1067 4014 1173 4091 πόντος
1197 4013 1336 4103 ἀπήμων,

481 4115 619 4209 εύκηλος,
646 4120 713 4188 τότε
735 4127 795 4208 νῆα
816 4119 892 4208 θυὴν
916 4119 1055 4210 ἀνέμοισι
1075 4117 1208 4207 πιθήσας

482 4229 606 4313 ἑλκέμεν
629 4229 660 4300 ἐς
682 4225 801 4308 πόντον,
828 4222 937 4314 φόρτον
961 4223 991 4292 δ’
1016 4219 1050 4292 εὖ
1072 4221 1170 4291 πάντα
1192 4225 1342 4305 τίθεσθαι,

481 4329 618 4396 σπεύδειν
643 4327 672 4395 δ’
699 4325 761 4396 'dcta
782 4325 910 4418 τάχιστα
931 4325 1021 4396 πόλιν
1046 4325 1164 4396 οἶκόνδε
1186 4327 1320 4394 νέεσθαι.

327 4439 405 4500 nihil
434 4435 522 4500 aliud
552 4446 601 4497 est
629 4429 738 4521 φόρτον
768 4426 802 4499 ad
831 4433 972 4500 τίθεσθαι
1001 4454 1095 4517 quarn
1124 4453 1219 4496 onero
1240 4433 1421 4494 velmemes
1438 4427 1496 4488 beat

326 4542 483 4606 ordlrtorc.
532 4539 620 4622 atqui
645 4539 696 4602 hic
719 4550 793 4602 ante
816 4541 920 4603 omnia
936 4539 1046 4603 dicere
1062 4537 1227 4622 oportebat
1241 4535 1426 4600 onerandam
1440 4544 1494 4590 rest
