3156 5132
362 404 436 476 290
758 419 802 478 Ειι
826 435 921 480 num
945 419 1152 480 Βιιοιινιιιει.

479 599 526 670 ότι
554 600 606 669 ἐὰν
637 605 713 691 θέλγγ
742 629 786 678 τις
814 602 903 670 ἵππον
924 605 1058 671 ποικίλον
1081 605 1181 693 ἔχειν,
1212 601 1296 691 παρὰ
1317 601 1410 690 πηγήν
1430 601 1515 691 γράφει
1562 595 1563 614 ³

412 707 501 774 ἵππον
524 712 672 786 τοιοῦτον,
697 705 749 772 καὶ
772 703 874 794 δρῶσα
896 704 916 793 ἡ
938 707 1026 782 ἵππος
1048 705 1080 773 τό
1103 709 1310 796 γεγραμμένον
1332 708 1416 774 τίκτει
1435 715 1514 773 τοιῶ-

415 836 476 877 τον.
523 815 608 876 τοδτο
639 810 672 875 δὲ
702 807 752 876 καί
781 809 828 876 ἐπί
858 818 1050 899 περιστερῶν.
1097 809 1148 876 καί
1169 813 1201 876 ἐν
1225 813 1442 896 Λακεδαιμονίᾳ
1460 837 1515 876 νεα-

415 915 532 988 νίσκους
554 909 704 1001 γράφουσι
725 910 836 987 καλοθς
859 915 890 978 δν
913 917 973 988 τοῖς
997 911 1146 1000 θαλάμοις
1160 921 1219 980 τῶν
1235 919 1368 981 κυουσῶν
1382 922 1514 1001 γυναικῶν.

384 1031 399 1080 5
480 1013 526 1082 ότι
548 1013 603 1083 οόκ
625 1016 773 1103 ἐπιβαίνει
794 1014 810 1082 δ
832 1015 920 1090 ἵππος
943 1015 1052 1105 μητρός
1075 1013 1094 1146 ή
1120 1016 1252 1105 ἀδελφῆς
1276 1015 1379 1084 αδτοδ.

478 1116 523 1186 ότι
546 1117 596 1185 διὰ
619 1117 783 1205 θήλειαν
768 1117 821 1187 οόο
845 1117 1008 1208 μάχονται,
1039 1120 1090 1187 καί
1112 1119 1128 1188 ό
1152 1126 1241 1187 νικῶν
1266 1119 1399 1188 ἰδίαν’
1368 1118 1452 1207 αυτήν
1470 1121 1515 1208 ἔχει

416 1222 466 1290 καί
489 1219 617 1309 συνήθη,
644 1222 806 1310 ἐχθροί
773 1245 790 1288 ο
828 1217 911 1298 ὀντες
934 1221 1075 1310 ἀλλήλων
1097 1221 1150 1311 τήν
1173 1221 1277 1312 φωνήν
1301 1221 1516 1312 μακρόταταγι-

414 1318 601 1394 νιόσκουσιν.Ι

320 1448 350 1494 ιι
476 1427 521 1498 ότι
542 1428 674 1519 ὀνείρους
697 1429 807 1518 όρῶσιν
831 1431 896 1496 οί”
884 1455 981 1508 ιπποι,
1014 1435 1072 1496 τῶν
1096 1431 1129 1496 δὲ
1152 1427 1320 1518 ἀνθρώπων
1343 1433 1398 1498 είσί
1417 1457 1480 1504 τινες
1497 1433 1519 1496 οἳ

362 1548 393 1598 10
414 1531 556 1600 οόδέποτε
578 1537 743 1621 θεωροῦσιν
767 1531 909 1621 ὀνείρους,
936 1530 1014 1608 άπαξ
1036 1535 1069 1601 δὲ
1092 1531 1277 1621 θεασάμενοι
1291 1537 1323 1600 ἐν
1339 1541 1381 1622 τῷ
1395 1536 1445 1622 βίῳ
1457 1561 1517 1619 σομ-
1562 1577 1563 1594 2

413 1635 509 1726 φορὰν
533 1633 700 1723 ὑπέστησαν
722 1633 741 1724 ή
766 1633 908 1703 θάνατον.

478 1737 524 1807 ότι
545 1738 598 1814 τὰς
620 1739 775 1828 καμήλους
798 1743 960 1828 φοβοῦνται
983 1739 1035 1806 ἐὰν
1060 1737 1100 1827 μή
1125 1737 1264 1827 συνήθεις
1287 1735 1372 1807 ῶσιν.

478 1841 523 1911 ότι
544 1841 577 1911 τό
601 1839 684 1933 θ’δωρ
707 1841 759 1910 δάν
782 1839 892 1932 εόρωσι
915 1841 1063 1931 καθαρόν,
1088 1847 1246 1918 θολοδντες
1268 1845 1408 1911 πίνουσιν.

478 1945 523 2015 ότι
545 1945 737 2036 σανδαράκην
760 1947 813 2015 ἐὰν
835 1950 958 2014 πίνωσιν
981 1945 1217 2036 ἀποθνήσκουσι,
1242 1946 1294 2013 καί
1309 1945 1346 2014 τά
1361 1941 1434 2014 ἄλλο
1447 1943 1518 2031 κτήνη

362 2063 392 2114 15
416 2049 536 2137 δμοίως.

478 2150 523 2221 ότι
544 2153 632 2228 ίππος
653 2151 706 2238 ἐὰν
729 2157 839 2243 πυρέξη
863 2145 1059 2240 ἀποθνήσκει.

478 2253 524 2325 ότι
545 2255 751 2346 κείρουσιν’
717 2254 827 2337 αυτάς,
860 2253 969 2323 καί”
934 2283 1028 2332 ουτως
1051 2251 1137 2332 όνους
1160 2257 1304 2330 δέξασθαι
1325 2260 1368 2332 εἰς
1390 2256 1519 2322 συνουσίαν
1564 2299 1565 2326 .

414 2359 575 2450 ἀνέχονται
595 2360 647 2427 καί
667 2358 810 2448 ἡμιόνους
832 2362 988 2428 τίκτουσιν.
1564 2327 1565 2410 λ

313 2489 401 2532 κκιιιι
479 2489 548 2552 κεφ.
573 2463 634 2551 κη’.
681 2463 748 2553 περί
777 2463 857 2554 βοός.
905 2461 950 2530 ότι
979 2467 1007 2530 οί
1036 2471 1142 2553 ταῦροι
1172 2465 1265 2550 μέγαν
1295 2460 1367 2552 πρὸς
1397 2433 1519 2549 ἀλλήλους

360 2582 394 2632 2⁰
414 2569 520 2658 ἔχουσι
540 2566 671 2655 πόλεμον
695 2565 745 2635 διά
767 2565 819 2642 τάς
841 2570 978 2655 θηλείας.

479 2667 524 2739 ότι
546 2669 598 2738 ἐὰν
622 2669 639 2739 ό
662 2667 805 2759 βουκόλος
827 2673 993 2760 προστρίψη
1016 2677 1053 2758 τῇ
1076 2669 1156 2759 χειρί
1176 2668 1245 2745 τοθς
1268 2669 1394 2756 μαστοὺς
1409 2666 1517 2758 τήςβοίι

413 2782 465 2863 τῆς
498 2777 641 2862 δεομένης
677 2772 842 2863 ὀχεύεσθαι
872 2774 924 2841 καί
956 2778 1079 2862 ἱδρῶτος
1113 2771 1290 2863 μεταλαβῶν
1319 2773 1453 2862 προσάψῃ
1478 2776 1518 2843 τοῖς

414 2883 559 2966 μυκτῆρσι
581 2883 636 2945 τῶν
659 2876 791 2967 ταόρων,
815 2875 906 2944 παόει
929 2875 1037 2952 αότοός
1060 2883 1112 2964 τῆς
1136 2875 1246 2966 μάχης.

478 2978 524 3048 ότι
547 2985 578 3048 αί
602 2979 669 3070 βόες
692 2979 745 3049 δόο
772 2979 902 3067 μαστοός
924 2981 1030 3069 ἔχουσι
1051 2981 1102 3046 καί
1125 2979 1222 3067 θηλὰς
1244 2983 1400 3068 τέσσαρας.

360 3098 393 3148 2⁵
479 3081 524 3152 ότι
546 3092 601 3151 τῶν
627 3090 703 3175 βοῶν
725 3083 759 3151 τό
782 3085 859 3171 αἷμα
879 3081 1027 3171 πήγνυται
1049 3081 1126 3150 κατὰ
1148 3083 1201 3172 τήν
1224 3086 1349 3172 καρδίαν
1369 3091 1426 3150 τῶν
1439 3078 1517 3148 πινόν

412 3215 470 3254 των
493 3188 545 3256 καί
567 3187 696 3277 ἀναιρεῖ.

478 3288 524 3360 ότι
546 3295 574 3358 οί
594 3290 770 3380 Ἐρυθραῖοι
794 3292 862 3380 βόες
884 3293 997 3359 σείουσι
1018 3290 1056 3358 τά
1078 3294 1189 3379 κέρατα
1212 3289 1252 3367 ῶς
1274 3289 1314 3358 τδι
1336 3285 1409 3357 ῶτα.

477 3393 523 3462 ότι
546 3393 562 3462 ό
584 3393 679 3482 γάμος
708 3401 767 3460 τῶν
791 3399 867 3484 βοῶν
891 3392 931 3470 ῶς
953 3401 1012 3462 τῶν
1035 3393 1157 3484 ἐλάφων
1180 3396 1295 3481 γίνεται
1317 3396 1464 3483 ἐπίδρομος
1482 3385 1517 3454 διὰ

413 3498 446 3567 τό
468 3504 520 3566 τοῦ
543 3499 661 3566 αἰδοίου
683 3503 837 3587 νευρῶδες.

360 3615 393 3666 ³0
480 3598 525 3669 ότι
547 3601 609 3668 ἐστί
630 3599 813 3690 τετράκερως
838 3607 909 3692 βοῦς
933 3600 1141 3690 συγγινόμενος
1157 3602 1270 3683 ίπποις,
1295 3605 1327 3676 ἐξ
1348 3595 1383 3669 οὗ
1398 3597 1517 3666 καίίτποι

413 3709 442 3771 αἱ
464 3703 621 3792 λεγόμενοι
642 3703 794 3772 κάλλαιοι.

479 3805 525 3876 ότι
552 3809 610 3875 εἰσί
640 3806 707 3897 βόες
738 3806 934 3896 ὀπισθονόμοι
962 3805 1143 3895 καλοόμενοι
1172 3806 1222 3874 διδ
1249 3807 1283 3875 τό
1315 3805 1417 3881 αότοδς
1442 3805 1476 3875 είς
1492 3795 1516 3863 ῐί
1564 3839 1565 3856 ¹

414 3910 508 3980 ὀπίσω
531 3909 695 4000 βόσκεσθαι
717 3915 906 4001 εἰργομένους
928 3919 970 4002 τῷ
994 3915 1115 4000 μεγέθει
1137 3916 1195 3978 τῶν
1217 3908 1363 3998 κεράτων.

609 4025 613 4038 ·
1564 4007 1565 4054 ί

1564 4065 1565 4092 ί

448 4197 470 4242 ι.
491 4167 549 4242 υοιί
562 4192 689 4244 adcurate
708 4193 823 4258 scriptor
840 4191 903 4255 legit
921 4193 986 4257 opp.
1008 4192 1073 4256 Cyn.
1094 4193 1105 4241 1
1124 4194 1270 4241 σεδ-367.
1360 4197 1383 4239 ν.
1401 4181 1511 4238 Απ1ίίί

359 4275 521 4341 pambas.
614 4280 1023 4343 ικκανιιιωμοοονιυ.
1115 4273 1400 4342 ικκεμοοινιι.
1469 4278 1513 4328 ιν
1564 4315 1565 4318 ,

360 4359 523 4432 δαράκηνλ.
618 4369 658 4414 47.
679 4365 750 4417 conf.
770 4365 897 4415 Schneid.
917 4363 1039 4416 adXen.
1060 4363 1093 4415 de
1119 4377 1209 4428 ποσή.
1231 4367 1273 4414 ³8.
1370 4365 1408 4412 17.
1427 4355 1472 4407 λιΙ.
1487 4351 1511 4399 δι

360 4463 403 4498 επ.
425 4450 502 4499 112⁰.
592 4454 632 4501 28.
653 4453 696 4501 λε.
718 4452 766 4500 Ἡ
784 4466 811 4516 p.
828 4453 891 4500 σίνε
905 4452 927 4500 λ.
1018 4454 1060 4501 34.
1080 4446 1198 4502 κάλλαιοι
1216 4437 1283 4500 mihi
1304 4449 1383 4513 ignoti
1400 4447 1458 4496 νυοί.
1486 4435 1511 4484 θ’

361 4536 485 4586 ῦοίίείυίε
504 4538 582 4602 equis
602 4537 701 4588 Plinius
721 4539 776 4588 vln
795 4537 870 4603 §⁴66
890 4537 956 4587 nihil
974 4536 1062 4588 simile
1081 4541 1180 4586 narrat.
1259 4539 1301 4586 33.
1323 4533 1413 4588 Herod.
1431 4529 1456 4579 IV
1468 4525 1509 4572 ⁴⁸³·
