3252 5130
553 460 772 524 Courscrauaa.
1183 449 1255 522 591

68 665 133 708 mae
156 655 180 708 t.
200 665 240 708 ιιι
256 665 288 728 p.
309 647 361 708 86.
409 649 498 729 atqui
520 647 817 712 animadverterunt
833 670 904 714 cum
928 651 981 713 alii
996 661 1063 715 tum
1081 651 1260 716 Schneide-

68 750 171 811 winus
208 748 358 830 Philologi
386 759 409 811 t.
436 769 469 812 ιιι
503 771 535 832 p.
561 750 624 814 367
658 753 775 834 respici
811 773 828 815 a
858 753 956 816 Dione
992 753 1131 818 ranulam
1163 775 1257 838 quam

67 853 221 933 Diogenes
243 855 386 916 Laertius
409 854 464 914 oa
488 855 527 916 33
552 853 594 916 ah
617 855 780 918 Heraclide
797 858 922 918 Pontico
945 860 1091 940 sumpsit,
1117 853 1152 923 oi>
1169 853 1258 941 μόνον

68 949 95 1016 θ’
122 949 170 1017 ἐπὶ
194 952 372 1041 Σωκράτους
392 949 547 1040 Ἀθηναῖοι
561 953 730 1022 πεπόνθασι
751 959 850 1036 τοῦτο,
876 953 954 1023 ἀλλὰ
976 956 1028 1024 καλ
1050 955 1098 1024 aa
1112 959 1257 1025 πλείστων

65 1050 154 1121 doma.
202 1053 254 1122 καὶ
289 1053 347 1144 γὰρ
375 1050 528 1145 Ὅμηρον,
570 1055 653 1125 καθά
689 1083 780 1148 ιρησιν
811 1055 1032 1147 Ἡρακλείδης,
1075 1060 1259 1148 πεντήκοντα

66 1163 214 1248 δραχμαῖς
238 1155 279 1233 ὡς
302 1157 480 1245 μαινόμενον
505 1161 677 1246 ἐζημίωσαν
701 1159 752 1228 καὶ
768 1160 913 1249 Τυρταῖον
935 1159 1137 1251 παρακόπτειν
1153 1164 1257 1251 ἔλεγον

65 1260 114 1328 καὶ
131 1259 357 1348 Ἀστυδάμαντα
379 1259 596 1351 πρότεροντῶν
618 1263 686 1352 περὶ
703 1261 856 1353 Αἰσχύλον
872 1266 1017 1353 ἐτίμησαν
1033 1264 1126 1333 εικόνι
1141 1271 1256 1356 χαλκῇ.

67 1370 213 1432 diversus
236 1371 322 1432 euim
345 1369 570 1433 drachmarum
593 1389 746 1432 numerus
768 1390 831 1433 non
855 1371 927 1434 lacit
951 1381 1164 1448 momentum,
1189 1374 1258 1436 sive

67 1473 120 1533 Dio
142 1491 205 1534 non
222 1473 299 1534 satis
321 1473 472 1534 memoria
495 1475 598 1534 tenuit
621 1473 706 1554 quod
729 1475 815 1554 apud
831 1473 1031 1536 Heraclidem
1047 1474 1167 1554 legerat
1189 1477 1257 1537 sive

67 1575 117 1636 alii
139 1574 234 1638 aliter
257 1593 324 1636 rem
346 1574 534 1638 narrabam:
561 1594 633 1638 nam
657 1577 875 1658 pervulgatam
899 1577 996 1640 luisse
1020 1576 1158 1640 fabulam
1181 1577 1257 1641 inde

66 1678 224 1758 colligitur
246 1678 332 1758 quod
353 1679 411 1740 Dio
434 1697 502 1740 eam
525 1677 715 1741 brevissime
745 1679 914 1760 significat.
962 1682 1069 1761 itaque
1099 1700 1163 1743 non
1191 1691 1258 1742 erat

69 1780 149 1860 quod
178 1780 446 1842 Schneidewinus
474 1782 624 1862 Philologi
655 1791 677 1842 t.
703 1801 735 1843 v.
761 1801 793 1862 p.
819 1782 882 1842 363
906 1783 989 1844 hanc
1019 1784 1088 1846 eius
1118 1785 1257 1863 speciem

65 1885 359 1945 comminisceretur
380 1893 417 1945 ut
439 1894 600 1946 narratum
623 1885 665 1946 sit
688 1885 858 1946 Homerum
889 1883 1068 1966 possedisse
1091 1884 1258 1948 drachmas

69 1988 199 2067 vinginti
237 1987 397 2066 quinque,
433 1987 565 2048 alteram
601 1987 718 2049 multae
755 1995 879 2067 partem
909 2005 1106 2068 conrogasse.
1162 1990 1258 2050 immo

67 2091 107 2151 ita
130 2091 272 2170 loquitur
298 2088 356 2150 Dio
377 2099 413 2151 nt
435 2090 613 2170 significare
637 2088 785 2151 videatur
807 2090 977 2152 Homerum
1006 2098 1102 2152 totam
1127 2092 1256 2152 multam

67 2193 300 2255 emendicasse:
327 2211 399 2254 nam
421 2193 591 2276 προσαιτῶν
615 2192 696 2254 nihil
719 2191 806 2254 aliud
830 2201 877 2254 est
901 2211 997 2272 quam
1018 2195 1125 2273 stipem
1137 2203 1254 2274 petens.

68 2297 156 2357 aliam
172 2294 412 2358 Schneidewini
435 2296 616 2376 opinionem
637 2295 771 2356 Hermae
787 2305 810 2356 t.
831 2314 840 2355 ι
856 2313 887 2376 p.
907 2296 963 2356 eet
985 2293 1107 2378 [cupra
1119 2316 1153 2377 p.
1171 2297 1231 2358 551
1238 2295 1258 2379 J

71 2399 239 2461 confutavi.

151 2503 185 2562 ln
221 2499 333 2564 eadem
365 2501 472 2562 Dionis
500 2501 641 2562 oratione
672 2520 704 2580 p.
731 2501 793 2562 528
823 2501 900 2561 haec
928 2500 1095 2580 leguntur,
1135 2495 1170 2565 od
1199 2495 1257 2585 γὰρ

70 2595 164 2689 ὥσπερ
198 2599 218 2688 ἡ
251 2595 374 2685 ἀλώπηξ
400 2605 620 2687 καταφαγοῦσα
647 2598 685 2666 τὰ
720 2601 796 2687 κρέα
824 2595 879 2665 οὐκ
909 2595 1034 2667 ἐδύνατο
1063 2603 1194 2674 ἐξελθεῖν
1225 2603 1259 2666 ἐκ

67 2709 117 2790 τῆς
138 2703 228 2792 δρυὸς
259 2701 309 2769 διὰ
335 2701 368 2769 τὸ
398 2703 611 2789 ἐμπλησθῆναι
632 2699 723 2788 κάμοὶ
750 2702 881 2774 ἐξελθεῖν
908 2693 965 2766 διαὶΙ
995 2707 1081 2768 τοῦτο
1109 2700 1318 2790 χαλεπόνινι

73 2812 171 2872 mirati
195 2828 308 2872 carnes
337 2809 370 2870 in
399 2826 521 2888 quercu
545 2806 686 2870 conditas
710 2806 837 2870 Geelius
859 2807 1014 2888 Olympici
1038 2827 1069 2888 p.
1094 2809 1151 2867 39l
1183 2805 1258 2891 κρέα

73 2913 101 2972 in
122 2912 229 2998 κηρία,
265 2910 503 2974 Herwerdenus
533 2903 621 2995 δρυός
650 2911 683 2972 in
707 2907 829 2994 θυρίδος
859 2909 1045 2972 mutandum
1081 2929 1149 2971 esse
1181 2927 1258 2971 cen-

71 3027 210 3078 suerunt.
261 3034 323 3077 non
361 3015 625 3095 praecipitassent
656 3015 853 3076 coniecturas
883 3015 910 3074 si
946 3012 1068 3075 fabulas
1098 3013 1258 3094 Aesopeas

55 3121 109 3212 ⁸ita
131 3129 165 3181 ut
188 3119 257 3180 lieri
281 3137 338 3199 por
360 3127 428 3178 erat
451 3118 709 3197 perlustrassent.
758 3115 884 3178 tabulae
908 3118 994 3178 enim
1017 3115 1104 3198 apud
1127 3117 1258 3178 Coraem

71 3239 161 3300 οινιι,
189 3221 276 3304 apud
299 3221 460 3300 ‚Halmium
485 3239 550 3280 κικι
573 3220 631 3280 hoc
659 3231 706 3282 est
733 3221 878 3297 initium,
907 3212 1041 3302 Ἀλώπηξ
1069 3215 1259 3302 λιμώττοντα

72 3319 109 3394 ὡς
130 3319 279 3388 ἐθεάσατο
307 3321 339 3385 ἔν
366 3345 423 3385 τινι
452 3317 540 3407 δρυὸς
568 3315 735 3404 κοιλώματι
765 3312 871 3406 ἄρτους
902 3319 954 3384 καὶ
980 3321 1054 3406 κρέα
1084 3313 1141 3386 θπὸ
1171 3345 1258 3386 τινοιν

72 3427 214 3508 ποιμένων
244 3423 523 3507 καταλελειμμένα,
560 3426 654 3489 ταῦτα
683 3423 864 3488 εἰσελθοῦσα
897 3424 1077 3510 κατέφαγεν.
1124 3425 1259 3509 ἐξαγκω-

74 3531 155 3592 θεῖσοι
177 3528 210 3594 δὲ
233 3525 286 3613 την
309 3527 457 3613 γαστέρα,
483 3522 588 3612 ἐπειδὴ
617 3521 673 3590 οὐκ
699 3521 831 3611 ἠδύνατο
854 3527 1004 3598 ἐξελθεῖν,
1039 3526 1179 3596 ἐστέναξε
1208 3525 1259 3590 καὶ

75 3627 210 3717 ὠδύρετο.

154 3738 214 3798 Cll.
263 3736 402 3797 lustinus
432 3743 550 3814 martyr
586 3734 647 3794 vol.
680 3733 804 3794 Ottonis
834 3751 898 3812 rp.
926 3734 985 3793 t30
1022 3751 1061 3794 ex
1094 3730 1260 3813 Euripidis

75 3837 310 3919 Bellerophonte
333 3835 517 3918 quindecim
540 3854 654 3898 versus
677 3835 781 3898 adfert
804 3835 859 3915 qui
883 3854 919 3896 eo
940 3835 1103 3915 pertinent
1126 3843 1161 3896 ut
1183 3833 1259 3896 deos

74 3957 137 4002 csse
160 3943 264 4004 nullos
287 3940 535 4002 demonstretur.
584 3957 694 4001 eornm
718 3956 870 4000 versuum
893 3937 998 3998 ultimi
1022 3936 1053 3996 hi
1078 3946 1162 4015 sunt,

223 4039 308 4125 οἶμαι
331 4035 359 4104 δ’
386 4035 423 4104 ἂν
446 4035 533 4124 ὑμᾶς,
561 4035 653 4112 εἴτις
677 4035 767 4125 ἀργὸς
790 4033 830 4101 ὢν
855 4039 936 4109 θεοῖς

223 4137 342 4231 εὔχοιτο
365 4141 417 4207 καλ
441 4138 481 4226 μή
505 4137 584 4228 χειρὶ
608 4142 746 4227 οολλέγοι
770 4141 846 4228 βίον,

222 4244 258 4312 τὰ
283 4249 351 4311 θεῖοι
373 4250 533 4332 ποργοῦσιν
558 4245 589 4308 αἱ
611 4245 703 4309 κακαί
725 4269 756 4310 τε
780 4242 944 4330 συμφοραί.

77 4367 151 4428 quae
179 4364 336 4434 postremo
360 4369 455 4414 versu
479 4348 629 4412 dicuntur
657 4369 762 4430 neque
792 4347 1040 4410 condicionalem
1069 4347 1260 4408 sententiam

77 4452 235 4518 absolvunt
258 4473 362 4534 neque
387 4455 454 4534 ipsa
477 4454 600 4532 integra
623 4463 708 4514 sunt.
742 4454 848 4530 itaque
871 4449 946 4511 inde
968 4449 1009 4510 ab
1032 4449 1151 4528 aliquot
1167 4449 1259 4508 annis

76 4559 236 4637 conplures
273 4555 527 4620 emendationem
562 4558 807 4636 quaesiverunt,
847 4551 904 4615 sed
942 4563 977 4615 ut
1010 4551 1088 4616 mihi
1127 4549 1259 4632 quidem

997 4671 1050 4723 38*
