3156 5132
347 427 421 500 320
741 443 782 504 Ex
807 463 902 506 arana
928 443 1134 506 Bnaonr'rrnrtsr.

344 641 466 694 tantum
489 631 547 692 hoc
570 631 715 694 iecerunt
731 642 763 694 et
778 632 960 713 Euripides,
985 631 1044 694 sed
1061 632 1221 695 interdum
1238 633 1334 694 etiam
1348 631 1503 712 Sophocles.

344 734 475 796 nimiam
505 736 590 797 enim
620 733 681 797 sibi
711 735 899 815 sapientiam
928 735 1060 815 adrogat
1082 737 1136 816 qui
1160 735 1323 816 Sophoclis
1346 753 1413 796 esse
1433 745 1507 814 negat
1569 748 1570 792 3

343 856 456 900 versus
479 839 534 918 qui
558 839 591 899 in
607 839 671 900 vita
685 836 773 900 Arati
789 857 807 900 a
822 840 956 902 Victorio
972 839 1056 901 edita
1072 840 1101 901 ei
1117 836 1315 917 tribuuntur,
1331 829 1429 917 ⁰Hiu',
1452 829 1503 899 ἁλλ’

343 935 469 1026 οἶκτειρέ
493 963 539 1025 με,
555 930 611 1005 Ὃν
635 940 664 1004 oi
686 935 774 1026 σοφοί
795 939 917 1024 λέγουσι
937 935 1081 1026 γεννητὴν
1105 939 1184 1004 θεῶν
1200 936 1325 1026 Πατέρα
1345 963 1378 1004 τε
1397 933 1507 1003 πάντων.

343 1062 425 1124 quae
455 1046 498 1106 ita
527 1045 640 1126 scripsi
672 1063 735 1106 non
763 1044 848 1125 quod
876 1055 962 1107 certo
991 1046 1034 1106 ita
1057 1044 1256 1108 emendanda
1278 1063 1349 1106 esse
1371 1054 1508 1125 putarem,

342 1146 399 1209 sed
428 1166 470 1210 ne
499 1158 678 1230 repeterem
707 1148 792 1229 quod
816 1149 908 1228 vulgo
930 1147 1076 1210 scribunt
1095 1138 1215 1219 Ἠέλιος
1237 1145 1392 1233 οἰκτείρειί
1414 1169 1448 1230 με
1466 1164 1512 1226 pm

342 1269 379 1312 eo
403 1251 489 1331 quod
509 1252 638 1313 Victorii
661 1251 744 1314 liber
766 1251 915 1334 praebuit
936 1245 1053 1336 ἠελίοιο
1076 1248 1201 1337 κτείρειε
1222 1249 1294 1334 ipe:
1321 1250 1511 1332 nequeenim
1572 1327 1573 1330 Ἴ

342 1355 434 1415 istam
464 1356 601 1416 nominis
631 1354 762 1417 formam
792 1356 937 1418 senarius
967 1373 1081 1416 versus
1110 1354 1260 1416 admittit.
1313 1353 1429 1416 deinde
1454 1371 1511 1414 cum
1568 1423 1569 1427 ρ

341 1457 454 1536 copula
476 1457 614 1538 deesset,
638 1481 671 1522 τε
693 1458 819 1521 adicere
843 1459 938 1520 malui
961 1477 1056 1538 quam
1071 1451 1123 1520 καί
1137 1455 1253 1542 πατέρα
1267 1457 1420 1520 scrihere.
1455 1474 1513 1516 cre-

341 1560 424 1629 didit
439 1571 546 1623 antem
562 1563 614 1624 illa
626 1563 793 1643 Sophoclia
809 1581 879 1624 esse
895 1553 1164 1643 prudentissimus
1180 1561 1293 1624 harum
1310 1580 1417 1623 rerum
1432 1557 1512 1622 iudex

341 1661 518 1726 Lobeclrius
540 1664 692 1747 Aglaoph.
718 1686 750 1747 p.
770 1665 822 1726 79.
848 1664 905 1727 sed
935 1665 1033 1727 nrnlto
1062 1683 1138 1726 sane
1168 1665 1297 1746 saepius
1327 1665 1370 1726 ita
1393 1663 1512 1745 philost»
1567 1656 1571 1667 '

340 1765 428 1846 phati
451 1779 526 1830 sunt
548 1768 719 1850 Euripides
742 1779 775 1830 et
796 1779 888 1830 antea
910 1767 1097 1850 Aeschylus.
1144 1786 1240 1848 quem
1263 1787 1336 1829 cum
1357 1763 1512 1828 Herodotus
1572 1849 1573 1854 γ

341 1887 362 1930 ιι
381 1870 441 1930 tta
465 1883 574 1933 narret
596 1872 726 1933 Dianam
756 1871 866 1934 iecisse
890 1871 985 1933 liliam
1009 1871 1152 1950 Cereris,
1185 1871 1283 1933 multo
1306 1871 1411 1932 minus
1432 1869 1511 1928 mira-

340 1970 448 2035 bimur
477 1973 614 2038 eundem
644 1978 763 2036 Lunam
792 1976 890 2052 Solis,
923 1993 941 2036 a
971 1993 1033 2056 quo
1063 1973 1166 2036 lucem
1196 1973 1328 2054 accipit,
1360 1969 1510 2052 aliquando

339 2074 458 2140 dixisse
482 2078 576 2139 liliam
593 2076 844 2159 Euripidemque
867 2079 925 2138 hoe
948 2095 1018 2139 esse
1042 2077 1210 2139 imitatum.
1258 2077 1366 2157 itaque
1382 2079 1412 2137 in
1428 2075 1509 2135 Phoe
1572 2079 1573 2084 ’

341 2181 436 2242 nissis
465 2181 631 2243 veteribus
659 2181 794 2244 testibus
823 2181 918 2253 fidem
949 2179 1138 2242 habebimus
1167 2199 1274 2260 neque
1297 2178 1377 2242 illud
1399 2171 1508 2261 θύγατερ
1572 2203 1573 2278 ρ

333 2275 433 2346 Ἁλίου
454 2281 609 2347 Σελαναία
631 2285 750 2346 novitio
772 2285 876 2365 aliquo
900 2293 1075 2346 commento
1097 2283 1372 2345 commutabimus.

425 2385 559 2450 Videtur
574 2399 680 2451 autem
698 2388 773 2448 mihi
789 2389 916 2449 omnino
933 2388 1047 2468 priscis
1063 2386 1199 2450 testibus
1215 2387 1315 2448 maior
1327 2405 1419 2467 quam
1431 2399 1508 2462 saepe
1572 2401 1573 2410 ¹

338 2488 373 2551 fit
396 2492 575 2553 reverentia
599 2510 668 2553 esse
692 2489 884 2570 exhibenda,
909 2509 973 2553 non
996 2501 1032 2553 ut
1052 2489 1172 2552 addicti
1195 2493 1242 2553 ais
1264 2490 1365 2553 simus
1379 2485 1508 2552 autnihil

338 2603 479 2674 tempore
509 2593 600 2656 valde
630 2596 761 2674 antiquo
791 2604 932 2657 erratum
955 2613 1025 2657 esse
1047 2603 1213 2674 putemus,
1247 2612 1358 2656 verum
1380 2604 1415 2655 ut
1435 2601 1507 2653 caute

337 2715 373 2758 ac
395 2696 537 2760 modeste
561 2696 738 2760 iudicemus
761 2697 941 2776 nostrisque
964 2695 1169 2778 opinionibus
1191 2699 1297 2758 minus
1320 2695 1506 2760 confidamus.

336 2802 383 2862 sic
406 2800 490 2862 idem
514 2801 691 2864 Bedhamus
714 2802 804 2862 cuius
827 2798 867 2861 de
892 2819 987 2862 versu
1009 2798 1172 2880 Euripidis
1194 2800 1386 2862 sententiam
1408 2801 1508 2880 impro

336 2902 473 2966 bandam
504 2923 574 2966 esse
603 2903 753 2966 duximus
781 2903 961 2965 attrectavit
990 2913 1111 2965 temere
1142 2921 1222 2983 quae
1252 2903 1339 2984 apud
1368 2903 1508 2964 Platonem

336 3008 486 3086 leguntur
515 3009 548 3068 in
572 3008 712 3070 Phaedro
735 3026 767 3087 p.
786 3007 867 3085 stt,
897 2995 932 3077 θς
961 2999 988 3068 δ’
1023 2997 1059 3069 ἂν
1090 2995 1163 3069 ἄνευ
1192 3003 1301 3088 μανίας
1332 3009 1448 3089 μουσῶν
1472 2993 1508 3063 lai

334 3105 491 3193 ποιητικὰς
513 3104 609 3196 θιίρας
631 3105 795 3196 ἀφίκηται,
819 3103 952 3180 πεισθείς
975 3103 1016 3179 ὡς
1039 3099 1099 3194 ἄρα
1121 3107 1156 3171 ἐκ
1177 3107 1287 3193 τέχνης
1310 3105 1411 3180 ἱκανὸς
1431 3128 1507 3187 ποιη-

333 3208 386 3297 τὴς
408 3209 560 3296 ἐσόμενος,
587 3207 695 3297 ἀτελὴς
711 3207 800 3284 αὐτός
814 3235 846 3275 τε
869 3207 920 3274 καί
940 3205 961 3296 ἡ
982 3210 1102 3296 ποίησις
1124 3205 1180 3276 ὑπὸ
1196 3215 1249 3296 τῆς
1265 3213 1323 3275 τῶν
1341 3209 1507 3295 μαινομένων

334 3310 428 3401 broii
460 3321 684 3402 σωφρονοῦντος
713 3311 880 3402 ἠφανίσθη.
927 3325 1017 3396 putat
1047 3317 1133 3377 enim
1156 3315 1366 3377 scribendum
1387 3333 1451 3376 esse
1470 3303 1507 3372 ici

332 3423 489 3505 ποιητικῆς
511 3414 618 3506 θύρας.
665 3419 722 3482 sed
746 3418 830 3501 quod
855 3421 887 3480 in
911 3419 1028 3480 nostris
1051 3418 1142 3480 libris
1159 3429 1207 3480 est
1221 3437 1329 3499 neque
1345 3437 1405 3480 non
1421 3423 1506 3498 potest

333 3523 411 3585 ferri
428 3525 505 3606 legit
520 3525 615 3586 etiam
631 3526 759 3602 Seneca,
777 3524 832 3602 qui
845 3522 885 3584 de
901 3522 1130 3602 tranquillitate
1146 3522 1244 3583 animi
1260 3540 1331 3602 cap.
1349 3523 1386 3582 t7
1401 3523 1436 3580 tt
1448 3535 1505 3580 αοα

332 3629 396 3689 aive
413 3629 529 3690 Graeco
548 3641 653 3710 poetae
674 3627 825 3690 credimus
841 3627 957 3707 inquit,
982 3627 1148 3708 αίιριιοιιιιο
1163 3634 1190 3688 et
1206 3627 1347 3688 insanire
1361 3622 1505 3689 tumidum

332 3739 386 3807 est,
420 3733 484 3793 sive
508 3732 641 3807 Platoni,
670 3731 796 3814 [matra
820 3733 953 3811 poeticos
977 3729 1061 3812 sores
1089 3748 1199 3810 conpos
1227 3731 1279 3790 aui
1297 3729 1428 3810 pepulit,
1455 3727 1506 3786 titt

291 3850 324 3896 aa
334 3832 498 3912 Aristoteli,
523 3835 642 3897 nullum
657 3822 807 3917 ιιιοριιαιιιΙ
832 3834 985 3916 inperitum
1000 3835 1066 3894 siae
1081 3835 1222 3894 mouture
1236 3831 1403 3894 amaena
1412 3827 1504 3912 sut't'l·

336 3939 405 4018 vel,
437 3949 472 4000 ut
500 3939 560 4000 alio
590 3937 736 4018 exemplo
767 3947 854 4016 utar,
887 3955 1016 3998 versum
1046 3937 1208 4018 Sophoclis
1225 3928 1380 4018 ,ἐδοξάτην
1408 3919 1504 4016 μοιτί
1572 3991 1573 3994 ,

334 4077 540 4088 ...—

417 4147 441 4210 ἰ
461 4141 611 4215 (norpradi
635 4141 715 4213 θύρας
740 4143 855 4195 Platonis
875 4147 995 4194 luuntur
1012 4147 1092 4194 etiam
1111 4144 1227 4208 scriptor
1245 4141 1405 4194 laudationis
1422 4139 1504 4188 mmo·
1572 4167 1573 4176 ι

311 4250 312 4254 ’
331 4233 435 4282 athenis
453 4233 570 4283 Lucieno
587 4231 739 4283 adtributae
758 4244 817 4296 cap.
831 4235 856 4290 ι,
878 4229 914 4299 μὴ
935 4225 1050 4298 μανείην,
1071 4227 1137 4300 ἔφη,
1158 4225 1299 4297 ταῦτάγε,
1318 4223 1366 4279 κᾶν
1384 4224 1404 4276 εί
1421 4219 1504 4286 πολλῆς

331 4314 371 4369 δεῖ
388 4323 433 4386 της
452 4315 542 4386 μανίας
561 4316 603 4369 ἐπὶ
620 4315 666 4375 τὰς
684 4315 817 4387 ποιητικὰς
837 4315 900 4368 ἰοῦσι
918 4311 1011 4386 θύρας,
1032 4315 1174 4365 Choricius
1191 4327 1218 4380 p.
1234 4319 1247 4364 h
1269 4315 1365 4374 Balsa,
1388 4307 1503 4379 τοιγαροῦν

331 4400 372 4454 ἐπὶ
396 4403 442 4472 μὲν
468 4401 546 4473 θύρας
564 4401 613 4472 ἠιιε
632 4401 766 4472 ποιητικὰς
784 4399 885 4470 ἡλιαίαν
905 4399 973 4472 ἔχων
991 4399 1024 4470 ἣν
1043 4399 1067 4452 ολ
1085 4398 1116 4452 τὰ
1135 4406 1225 4469 πρῶτα
1244 4397 1415 4466 παιδευόμενοι
1430 4389 1503 4462 γράμ-

329 4507 410 4558 ματα,
438 4489 508 4540 idam
527 4503 554 4556 p.
570 4495 633 4549 ιιι,
655 4487 748 4559 βρέφος
766 4486 908 4558 ἀνελομένη
926 4473 969 4538 {tal
987 4487 1050 4555 πρὸς
1069 4483 1172 4556 ἡλιαίαν
1190 4484 1243 4555 ἤδη
1261 4481 1418 4538 παιδεύεσθαι
1433 4477 1502 4528 uva-

330 4575 409 4646 μίνην
427 4574 595 4646 dorae-pmice
614 4573 682 4645 capti
700 4573 779 4646 θύρας
796 4573 843 4645 'ii‘
861 4572 1021 4643 ποιητικάς.)
