3252 5130
577 1433 883 1520 nnvnnsnntl.

226 1659 248 1720 l.
274 1661 360 1734 Quae
382 1679 422 1721 ex
444 1661 573 1722 Lucretii
596 1661 731 1722 carmine
760 1661 801 1723 ab
823 1661 890 1724 aliis
915 1663 1118 1743 scriptoribus
1140 1663 1324 1728 adferuntur

129 1762 353 1825 Lachmannus
376 1772 439 1826 tam
461 1762 571 1826 sedulo
593 1763 724 1844 conlegit
748 1773 784 1826 ut
809 1782 906 1844 pauca
930 1763 1004 1828 addi
1030 1785 1121 1847 posse
1143 1767 1321 1832 videantur.

125 1883 218 1947 quae
242 1867 347 1928 inveni
368 1867 419 1928 hio
440 1885 622 1948 conponam.

180 1988 245 2048 ι1.
271 1983 447 2050 Aeneadum
468 1988 621 2070 qenai-rior.
668 1985 825 2050 Ausonius
855 1989 887 2049 in
916 1988 1057 2052 distichis
1087 1989 1126 2054 de
1160 1993 1323 2057 mensibus
1457 2027 1463 2036 ·

293 2090 385 2151 ,553
410 2093 444 2151 T.

228 2110 299 2255 lig.
327 2195 431 2255 Schol.
448 2196 540 2256 Bern.
566 2195 597 2254 in
614 2193 726 2274 Vergil.
752 2213 853 2276 georg.
881 2214 890 2255 ι
908 2195 969 2257 177
983 2197 1143 2278 pollentio.
1162 2207 1196 2260 ut
1210 2201 1325 2262 Lucre-

325 2299 385 2360 tius
414 2298 461 2359 oit
482 2297 637 2380 pallidum
661 2299 825 2359 Homerum
854 2299 896 2361 od
921 2301 1052 2362 Ennium
1080 2303 1198 2364 venisse
1226 2310 1255 2364 et
1275 2304 1326 2365 lo-

326 2408 452 2483 quutum
474 2402 523 2464 illi
544 2401 732 2463 lteaeometris
755 2409 846 2463 anteo
868 2404 996 2465 Latinae
1023 2403 1147 2486 linquae
1162 2405 1323 2468 inauditis.

226 2503 384 2565 tna—56.
410 2505 609 2566 Ermenricns
647 2505 679 2565 in
718 2503 854 2585 Epistola
891 2504 932 2568 ad
968 2505 1180 2568 Grimoaldnm
1217 2528 1248 2589 p.
1282 2511 1322 2574 20

326 2607 480 2671 Duemnrl.

225 2709 297 2772 713.
324 2711 469 2772 Boethius
496 2710 571 2771 lost.
604 2709 728 2772 arithm.
762 2730 783 2772 ιι
808 2715 820 2773 1
848 2731 880 2792 p.
908 2711 947 2772 77
971 2709 1081 2772 Friedl.
1114 2731 1259 2793 nomque,
1292 2723 1326 2777 ut

324 2816 369 2876 ait
396 2815 555 2876 Lucretius
589 2814 637 2894 (ita
668 2812 886 2892 scribendum,
917 2832 1020 2895 neque
1048 2815 1116 2877 sine
1144 2815 1241 2896 libris)
1273 2817 1326 2878 ‘ecc

326 2915 417 2978 imbri
439 2925 524 2979 terro
546 2923 636 2998 atquc
657 2917 763 2978 animo
784 2918 952 2999 9130000100
975 2925 1003 2979 et
1025 2917 1107 3000 iqui’.

179 3057 202 3100 ιι
227 3038 279 3099 76.
322 3036 424 3100 Schol.
451 3039 540 3098 Bern.
567 3038 598 3098 in
622 3037 731 3116 Georg.
757 3055 767 3096 ι
790 3037 864 3097 aot.

225 3140 427 3203 55050001.
460 3139 545 3202 leid.
581 3139 650 3222 [oet.
684 3139 755 3221 l85)
791 3140 822 3201 in
852 3141 960 3221 Georg.
994 3160 1004 3201 ι
1034 3141 1094 3202 ast
1126 3139 1260 3222 infidum.
1292 3150 1326 3204 ut

316 3245 483 3305 'Lucretius
509 3243 606 3324 ‘infidi
625 3245 723 3306 moris
745 3243 878 3306 iusidias
900 3245 1040 3325 viresque
1061 3244 1220 3306 dolorum’.

178 3386 209 3428 tv
235 3367 263 3427 1.
325 3365 434 3426 Fronto
456 3382 487 3443 p.
510 3364 569 3424 ll8
586 3363 663 3425 Nab.
684 3364 800 3426 cullius
824 3371 893 3426 outo
914 3365 978 3426 uisi
998 3365 1090 3426 unius
1108 3365 1180 3426 Gaii
1194 3365 1327 3428 Sallusti

327 3469 402 3529 trito
424 3467 496 3530 solo.

228 3573 278 3632 to.
326 3570 405 3632 conl.
431 3571 582 3632 Senecam
604 3569 694 3631 Suas.
723 3572 741 3630 6
766 3571 804 3630 16
827 3590 859 3651 p.
887 3571 920 3631 tl
951 3566 1125 3632 281liessl.

181 3713 200 3754 v
223 3693 382 3754 818-30.
409 3691 511 3753 Schol.
538 3692 628 3752 Bern.
653 3691 686 3750 in
710 3690 820 3770 Gaorg.
846 3692 965 3754 0336.

227 3797 300 3858 818.
329 3795 379 3855 19.
406 3793 507 3856 Sohol.
533 3793 617 3856 leid.
644 3793 810 3874 1060003.
837 3811 859 3854 ιι
881 3795 955 3856 336.

230 3915 303 3997 [Hoc
325 3933 419 3976 uuum
434 3921 526 3996 capot
540 3915 694 3995 Hauptius
716 3920 749 3976 ut
763 3916 895 3976 1100000
917 3916 1104 3977 insereretur
1122 3915 1327 3998 perscriptum
1435 3985 1439 3992 ⁴

132 4021 283 4103 reliquit:
314 4037 391 4100 quaa
418 4024 562 4080 secuntur
591 4035 658 4078 cum
688 4035 731 4078 eor
760 4017 911 4080 schedulis
934 4018 1033 4079 coriis
1056 4025 1119 4079 tam
1142 4037 1157 4079 e
1178 4017 1326 4081 librorum

133 4121 332 4206 morqiuibus
354 4129 482 4202 excepta
504 4129 586 4194 suut,
611 4120 727 4183 additis
749 4120 858 4203 quibus
874 4140 947 4202 opus
970 4137 1035 4182 esse
1056 4119 1226 4201 uidebatur,
1252 4141 1327 4184 roro

133 4225 316 4308 distinctis]

183 4365 220 4426 ll.
246 4363 431 4428 Testimonia
454 4361 635 4424 Catulliana.

230 4467 367 4531 Catullus
397 4471 415 4528 5
447 4467 476 4527 l.
510 4464 647 4528 lulianus
676 4466 840 4528 Toletanus
871 4466 903 4526 in
933 4463 1005 4526 llrte
1035 4483 1067 4544 p.
1101 4458 1157 4526 63b
1185 4462 1328 4526 editionis

272 4573 426 4633 Romanae
454 4569 580 4652 (Kailios
610 4569 693 4630 enim
723 4569 800 4632 haec
829 4586 890 4630 non
919 4567 1081 4649 excerpsit)
1113 4567 1155 4630 do
1180 4569 1329 4649 propriae
