3152 5128
372 380 446 452 270
677 399 720 457 ll!
741 415 812 458 PEDR
835 417 852 456 A
875 416 1068 459 rennuentem
1091 415 1245 459 ntctrtro.
1308 397 1313 404 Ι

370 602 467 646 urcem
484 603 553 647 neor
569 605 711 647 cursum
728 605 832 649 ornum
848 605 1040 648 nrrrrcrmmr
1056 587 1235 648 Exrumrrro
1251 587 1440 648 Docrrssrrt.
1462 588 1527 646 illuit

364 689 501 768 primum
522 690 554 750 ιἰι
576 690 670 751 lucem
685 690 776 752 edito.
823 693 875 751 Em
889 693 1013 752 Musaeo
1028 691 1166 752 loscnrrrr
1181 690 1288 752 lionsl.
1312 693 1439 750 chnuu
1453 691 1527 749 Βιτι-

368 810 466 854 νυιινιι
482 791 659 855 Eueudebot
674 793 797 855 lscocvs
812 795 909 856 Miner
932 812 978 854 om
994 813 1023 853 ro
1039 813 1055 854 υ
1070 812 1128 854 mx.
1168 794 1312 874 sequitur
1334 793 1527 873 paginatam

367 896 503 975 epistula
525 913 543 956 a
564 898 676 958 llorsio
698 896 739 957 ad
764 897 891 959 Petrum
908 895 1200 976 Laurembergium,
1226 897 1379 977 gymnasii
1397 895 1527 956 llambur·
1562 973 1563 980 γ

366 999 471 1078 gensis
485 999 706 1080 professorem,
727 1001 855 1081 scripta,
875 1019 915 1061 er
931 1019 993 1081 qua
1008 999 1162 1062 discimus
1174 999 1326 1078 Scaligeri
1343 999 1425 1060 illam
1437 997 1526 1078 dispu—
1562 1039 1563 1077 γ

366 1103 517 1164 tationem
546 1104 693 1165 llorsium
723 1103 923 1165 aFriderico
952 1102 1183 1184 Lindenbrogio
1214 1102 1390 1182 accepisse,
1420 1102 1526 1164 ultimae

365 1215 513 1285 quattuor
535 1207 669 1287 paginae
693 1207 845 1286 scaligeri
868 1207 1158 1270 commentariolum
1180 1207 1353 1268 continent.

450 1309 591 1390 Scaliger
620 1310 718 1390 igitur
746 1319 777 1371 et
805 1312 944 1391 ineptam
967 1309 1126 1391 quandam
1155 1310 1337 1390 Hieronymi
1360 1308 1529 1370 Mercurialis

363 1413 543 1493 opinionem
566 1412 707 1476 confutat
729 1425 761 1475 et
783 1414 899 1494 pedem
921 1432 938 1475 a
960 1412 1172 1494 praeconibus
1194 1415 1361 1474 recitatum
1381 1413 1528 1492 quicquam

363 1524 458 1594 negat
480 1534 551 1576 esse
573 1514 660 1578 aliud
684 1536 778 1597 quam
802 1515 880 1578 illud
903 1507 995 1580 ἄκουε
1016 1518 1074 1588 πᾶς
1097 1517 1148 1578 vel
1172 1506 1263 1579 ἄκουε
1285 1508 1374 1586 λεώς.
1412 1514 1528 1576 debebat

362 1619 467 1699 potius
489 1617 630 1681 seribere
654 1613 777 1684 ἀκοόετε
800 1613 879 1704 λεῴ,
903 1639 976 1681 nam
1000 1621 1077 1682 haec
1099 1630 1148 1681 est
1170 1619 1314 1681 lormula.
1366 1619 1436 1680 ‘sed
1455 1609 1528 1680 ἄκουε

361 1722 435 1792 πᾶς’
464 1723 569 1802 inquit
600 1724 665 1784 ‘est
691 1723 853 1802 usitatius,
887 1741 967 1803 quae
998 1732 1046 1784 est
1073 1719 1193 1784 διποδία
1215 1723 1282 1783 sive
1304 1716 1378 1792 πυός
1401 1719 1526 1804 διίαμβος,

363 1834 398 1887 ut
413 1823 625 1888 dubitandum
641 1845 703 1888 non
720 1828 761 1889 sit
775 1828 860 1888 bunc
875 1845 944 1888 esse
959 1820 1008 1888 τὸν
1025 1819 1184 1910 λεγόμενον
1199 1819 1290 1888 πόδα.
1330 1827 1431 1887 omnis
1444 1836 1526 1886 auten

300 1977 307 1992 .
363 1947 420 2008 pes
442 1939 562 1990 constat
584 1949 624 1990 ex
646 1931 710 1990 arsi
733 1940 764 1992 et
787 1929 883 2007 thesi,
911 1949 1084 2011 praecones
1106 1948 1182 1992 vero
1206 1929 1410 1990 morabantur
1431 1931 1460 1988 in
1480 1928 1526 1988 arsi

363 2021 451 2108 δίκον,
474 2041 593 2094 utnon
617 2034 718 2094 solum
742 2026 965 2117 μεγαλοφῶνως
988 2031 1044 2095 sed
1068 2033 1162 2094 etiam
1184 2031 1320 2094 πλεῖστον
1345 2031 1452 2116 φωνεῖν
1472 2049 1526 2111 pos

361 2144 442 2196 sent.
491 2134 576 2216 quod
599 2135 730 2216 quidem
752 2155 862 2198 omnes
883 2136 1010 2216 linguae
1034 2137 1067 2198 in
1091 2137 1157 2198 suis
1179 2134 1391 2216 praeconibus
1413 2133 1526 2214 experiri

361 2248 521 2319 poterunt,
548 2249 582 2300 ut
605 2237 703 2300 Gallis
725 2259 761 2300 or
784 2247 929 2301 escoutez.
978 2250 1027 2302 est
1050 2241 1136 2302 enim
1159 2236 1292 2314 διπυδία,
1316 2248 1353 2300 ιιι
1375 2228 1462 2300 ἄκουε
1473 2238 1524 2304 πᾶς·
1562 2301 1563 2308 ,

361 2351 393 2402 ct
421 2343 538 2403 scimus
567 2329 721 2422 quantum
751 2344 935 2405 immoretur
964 2362 1076 2423 praeeo
1105 2344 1138 2404 in
1162 2344 1225 2404 arsi
1247 2341 1385 2404 duarum
1408 2343 1525 2423 priorum
1562 2349 1563 2416 γ

360 2443 565 2525 syllabarum,
591 2447 624 2508 in
648 2464 710 2525 qua
733 2446 869 2507 maxima
891 2447 1023 2527 spiritus
1046 2447 1246 2508 contentione
1269 2464 1350 2525 opus
1372 2446 1441 2505 est.'
1562 2417 1563 2448 ί

1562 2497 1563 2518 ι

447 2549 514 2609 Non
537 2568 665 2610 necesse
689 2557 794 2611 estut
815 2549 970 2630 praeclari
994 2549 1130 2610 hominis
1152 2549 1333 2629 opinionem
1350 2548 1439 2629 longa
1453 2565 1523 2626 argu·
1562 2531 1563 2584 l

360 2653 551 2714 mentatione
583 2651 781 2730 refellamuS‚
813 2662 926 2732 sponte
958 2653 1044 2712 enim
1072 2651 1205 2732 adparet
1227 2671 1313 2712 mora
1338 2641 1390 2712 illa
1413 2651 1521 2732 quaein

359 2753 479 2837 syllaba
503 2755 555 2816 liat
578 2774 640 2816 non
664 2756 739 2816 satis
760 2755 910 2835 explicari
927 2753 1039 2816 Galcni
1062 2754 1140 2816 illud
1162 2753 1299 2818 πλεῖστον
1316 2755 1435 2838 φωνεῖν.
1472 2769 1524 2833 pos·

360 2877 470 2920 sumus
492 2867 599 2919 autem
622 2858 717 2919 alium
740 2853 820 2920 πόδα
843 2857 1011 2920 ostendere
1034 2858 1089 2939 qui
1113 2858 1207 2938 plane
1231 2855 1271 2919 ad
1286 2876 1456 2937 praecones
1470 2873 1525 2936 per-

360 2962 467 3022 tinuit.
508 2960 593 3042 apud
615 2963 786 3023 Lucirumm
809 2962 905 3042 enim,
931 2962 957 3022 si
981 2971 1086 3022 tamen
1103 2970 1150 3022 est
1167 2963 1334 3038 LucienuS,
1362 2962 1393 3021 in
1410 2962 1467 3021 vita
1481 2959 1524 3018 lle

360 3067 511 3127 monactis
534 3083 603 3144 cap.
622 3063 662 3123 65
686 3065 764 3125 haec
787 3065 937 3144 legimus:
962 3055 1013 3126 ‘dre
1035 3061 1068 3126 δὲ
1091 3067 1217 3146 συνῆκεν
1240 3057 1344 3128 οὐκέθ’
1373 3059 1433 3134 οἶός
1449 3085 1477 3125 τε
1495 3051 1525 3118 όν

360 3167 459 3252 ἑαυτῷ
481 3166 660 3251 ἐπικουρεῖν,
686 3161 776 3230 alneis
799 3161 872 3252 πρὸς
893 3162 962 3239 τούς
983 3160 1131 3251 παρόντας
1153 3161 1203 3230 τόν
1227 3161 1388 3252 ἐναγώνιον
1410 3167 1463 3230 τῶν
1480 3185 1525 3243 ιιι,-
1562 3171 1563 3222 l

361 3264 458 3355 ρόκων
480 3263 559 3333 πόδα

674 3367 762 3457 λήγει
785 3370 838 3456 μὲν
862 3367 940 3458 &yolo
962 3378 1021 3437 τῶν
1044 3371 1210 3437 καλλίστων

675 3467 777 3540 dulos
799 3474 922 3558 ταμίας,
1562 3509 1563 3576 γ

674 3574 778 3665 καιρός
801 3577 834 3644 δὲ
856 3581 944 3644 καλεῖ
967 3580 1072 3665 μηκέτι
1095 3579 1214 3662 μέλλειν

301 3706 348 3753 tlt
362 3679 413 3747 καί
435 3677 552 3746 πάντων
576 3676 784 3768 ἀποσχόμενος
807 3679 926 3768 ἀπῆλθε
947 3685 1000 3747 τοῦ
1023 3681 1089 3768 βίου
1111 3676 1238 3768 φαιδρός
1253 3677 1304 3744 καί
1327 3680 1388 3754 οἶος
1402 3669 1458 3746 olei*
1479 3679 1524 3744 τοῖς
1562 3689 1563 3700 ’

361 3781 591 3873 ἐντυγχάνουσιν
621 3783 771 3872 ἐφαίνετο.
819 3789 919 3868 tangit
948 3787 1004 3849 bos
1032 3805 1223 3867 praeconum
1246 3796 1429 3866 anapaestos
1449 3785 1523 3844 etiam

362 3892 566 3954 Philostratus
589 3889 629 3952 de
650 3900 717 3952 arte
734 3893 926 3972 gymnastiea
950 3912 981 3972 p.
1002 3892 1039 3950 ⁴0
1064 3892 1136 3952 Dar.
1155 3887 1282 3974 [11264
1304 3893 1426 3970 Kayser.
1433 3885 1459 3970 j,
1481 3885 1523 3963 qui

364 4014 445 4076 quae
468 3992 566 4056 habet
586 3973 815 4075 adscripsimus
836 4014 853 4055 a
871 3994 987 4056 Cobeto
1011 4012 1043 4073 p.
1062 3994 1102 4054 38
1119 3991 1305 4054 emendata:
1332 3993 1360 4056 εἰ
1381 3983 1463 4072 δὲμὴ
1477 3987 1522 4071 ργ-

356 4090 468 4179 dripere
495 4091 614 4169 ἀκούεις
635 4099 688 4161 τοῦ
710 4091 856 4182 κήρυκος,
887 4091 959 4183 δρᾷς
982 4090 1023 4166 ὡς
1045 4091 1094 4158 ἐπί
1115 4097 1189 4158 πᾶσι
1210 4089 1350 4179 κηρότπει
1370 4089 1462 4178 λήγειν
1482 4087 1522 4170 μὲν

363 4204 422 4264 τῶν
446 4191 548 4264 ἄθλων
570 4199 680 4284 ταμίαν
703 4195 816 4284 οἰγῶνα,
841 4195 894 4285 τὴν
918 4195 1067 4284 σάλπιγγα
1089 4195 1122 4261 δὲ
1137 4193 1175 4262 τὰ
1189 4200 1241 4262 τοῦ
1258 4193 1415 4263 Ἐνυαλίου
1429 4189 1523 4278 σιμοί·

364 4325 426 4366 νειν
447 4303 694 4388 προκαλουμένην
716 4297 784 4375 τοὺς
806 4303 891 4375 νέους
913 4303 955 4374 εἰς
977 4295 1068 4365 ὅπλα.
1115 4296 1233 4366 κελεόει
1256 4300 1289 4366 δὲ
1304 4297 1391 4366 ταύτό
1405 4295 1452 4364 καί
1463 4285 1522 4360 ποό-

366 4410 451 4470 λαιον
481 4397 650 4491 οἶραμὲνυυς
680 4407 786 4492 μηκέτι
814 4405 946 4489 μέλλειν.
992 4406 1107 4468 similia
1135 4406 1285 4468 versibus
1308 4405 1420 4487 quibus
1440 4409 1522 4464 certa

366 4511 451 4574 mina
482 4509 675 4573 liniebantur
703 4511 796 4572 etiam
827 4513 857 4574 in
889 4510 978 4570 initio
1001 4528 1110 4572 eorum
1134 4512 1262 4572 recitata
1286 4529 1353 4572 esse
1377 4508 1518 4570 videntur:
