3182 5132
544 417 715 480 husonum.
1150 393 1224 465 405

59 623 129 676 sotor
149 621 175 674 et
190 611 278 674 Liber
300 619 328 673 et
342 611 453 674 Libera
475 611 622 670 seminum
643 611 826 668 commotores
842 605 889 666 uel
904 604 1073 666 emissores.
1092 635 1130 644 -—
1148 597 1227 681 qma

58 719 81 778 si
103 716 295 797 respondetur
321 717 455 777 omnium
476 713 632 775 initiorum
651 716 827 792 potestatem
849 706 958 768 habere
981 707 1091 767 lunum
1114 709 1141 764 et
1163 700 1228 763 ideo

59 822 96 882 illi
114 823 197 883 etiam
218 821 298 903 meod
319 821 460 901 operitur
482 819 636 898 conceptui
656 833 716 876 non
739 813 876 874 inmerito
892 809 1028 886 attribui,
1053 815 1081 870 el
1095 808 1229 868 omnium

60 927 188 987 seminum
204 925 376 988 Saturnum
398 930 426 986 et
447 923 512 985 ideo
535 920 760 984 seminationem
781 936 896 1001 quoque
916 917 1046 978 hominis
1066 933 1128 977 non
1140 931 1231 996 posse

58 1027 89 1088 ab
105 1031 164 1092 erus
184 1030 356 1110 operatione
371 1028 500 1110 seiuaqi,
522 1025 655 1087 omnium
675 1026 824 1086 sueinum
842 1023 1070 1086 emittendorum
1087 1019 1230 1082 Liberum

59 1141 81 1192 et
93 1131 221 1194 liberam
244 1139 273 1193 et
296 1131 359 1193 ideo
381 1131 429 1193 his
451 1130 541 1193 etiam
555 1147 697 1210 proeesse
712 1147 789 1210 quoe
803 1128 845 1190 ad
859 1125 1082 1190 substituendos
1096 1125 1230 1187 homines

58 1237 192 1314 pertinent
206 1246 266 1298 eto.
309 1254 348 1296 vu
367 1236 406 1295 lb
422 1233 564 1297 Liberum
579 1240 607 1295 et
624 1232 763 1294 Cererem
774 1238 969 1314 praeponunt
983 1229 1158 1304 seminibus,
1184 1227 1232 1288 vel

62 1339 132 1399 illum
159 1341 355 1416 masculinis,
389 1339 474 1400 illam
500 1336 674 1417 femininis,
707 1336 755 1398 vel
780 1337 867 1398 illum
890 1336 1018 1418 liquori,
1051 1334 1137 1396 illam
1159 1350 1230 1394 vero

62 1443 185 1505 ariditati
209 1443 371 1506 seminum.
417 1447 444 1502 et
465 1440 519 1503 hoc
539 1442 642 1523 utique
664 1447 757 1502 tolum
783 1439 919 1522 refertur
941 1439 983 1500 ad
1004 1438 1167 1514 mundum,
1200 1436 1231 1498 id

65 1554 100 1606 est
117 1547 154 1608 od
168 1549 279 1622 lovem,
305 1547 358 1628 qui
375 1552 540 1628 propterea
562 1543 659 1606 dictus
682 1551 727 1606 est
752 1541 780 1626 (a
796 1543 923 1626 Sorano)
947 1543 1123 1625 pruqem'tor
1144 1559 1233 1624 qene-

65 1652 188 1732 lriaeque,
220 1650 300 1732 quod
329 1651 431 1712 omnio
459 1649 577 1710 semina
605 1666 648 1709 em
676 1665 708 1710 se
736 1649 882 1710 emitteret
908 1656 936 1710 et
964 1647 994 1708 in
1020 1665 1053 1709 se
1075 1645 1230 1727 reciperet.

64 1771 97 1812 su
112 1754 142 1814 u
163 1755 223 1815 iam
238 1773 310 1815 vero
326 1753 429 1816 Liberi
441 1772 545 1830 soora,
567 1771 652 1835 mum
668 1752 790 1835 liquidis
806 1751 968 1815 seminibus
984 1771 1021 1813 ao
1032 1769 1090 1833 per
1104 1750 1159 1812 hoc
1173 1767 1233 1809 non

64 1857 143 1916 solum
164 1856 333 1940 liquoribus
352 1855 521 1938 fruetuum,
547 1875 675 1938 meorum
697 1856 826 1938 quodam
848 1856 933 1918 modo
946 1856 1113 1937 primatum
1129 1855 1233 1915 vinum

65 1965 136 2036 tenet,
161 1979 266 2022 uerum
289 1963 378 2023 etiam
401 1961 564 2023 seminibus
587 1961 767 2022 animalium
780 1961 1008 2044 praefecerunt,
1034 1958 1075 2019 ad
1089 1964 1233 2039 qrmnlom

66 2063 265 2144 turpitudinem
284 2066 482 2147 pervenerint
500 2066 583 2147 piqet
604 2064 722 2146 quodem
744 2064 844 2126 dicem
863 2071 990 2145 propter
1004 2063 1152 2125 sermonis
1168 2060 1235 2123 loo-

64 2167 225 2247 qitudinem,
259 2169 312 2230 sed
337 2176 465 2250 propter
492 2170 620 2230 istorum
649 2167 811 2249 superbam
833 2167 1038 2229 hebetudinem
1060 2185 1121 2227 noo
1139 2167 1231 2249 piqet.

66 2267 132 2331 hane
151 2281 255 2334 autem
279 2271 385 2332 Liberi
410 2280 442 2332 et
463 2271 593 2334 Liberae
618 2272 913 2353 interpretationem
928 2268 1138 2351 Augustinum
1163 2287 1235 2330 cer-

67 2382 120 2434 tum
141 2384 185 2437 est
207 2377 381 2457 sumpsisse
404 2392 443 2436 ex
459 2375 608 2436 Varronis
629 2375 721 2438 libris
746 2395 851 2438 rerum
875 2373 1069 2438 divinarum.
1114 2375 1234 2436 Seneca

68 2497 126 2538 rum
154 2479 228 2541 dicit
249 2489 372 2541 nostros
394 2479 447 2540 illa
470 2489 582 2559 putare
606 2480 718 2542 stoicos
742 2480 915 2560 intellegit,
948 2478 1004 2540 sed
1027 2488 1131 2560 potest
1153 2497 1235 2560 quae

68 2581 170 2658 profert
192 2583 276 2664 apud
300 2582 439 2645 eundem
457 2584 631 2646 Varronem
655 2584 781 2665 legisse,
807 2601 901 2665 quem
926 2583 958 2643 in
982 2583 1122 2662 physicis
1145 2583 1236 2643 theo-

67 2683 219 2768 logicisque
250 2687 404 2749 doctrinis
433 2689 546 2749 stoicos
575 2697 718 2750 secutum
743 2706 813 2749 esse
837 2695 968 2748 constat.
1016 2685 1097 2748 addo
1120 2686 1234 2767 plurali

70 2806 183 2852 numero
210 2792 386 2871 seminum,
420 2811 516 2871 quem
544 2789 741 2872 Augustinus
773 2789 948 2853 identidem
978 2789 1111 2871 repetit,
1143 2807 1235 2851 usum

69 2890 155 2953 videri
177 2897 270 2956 etiem
286 2895 470 2956 Varronem.
518 2903 659 2958 ceterum
675 2894 994 2957 animadvertendum
1010 2881 1065 2955 est'
1082 2894 1236 2956 Senecam
1248 2912 1294 2958 sss

71 2995 122 3056 vim
142 2997 285 3060 invictam
303 2999 448 3061 Herculis
470 3017 532 3060 non
554 2999 623 3060 sine
639 2999 867 3078 significatione
883 2999 1020 3059 nominis
1035 2997 1145 3059 Inuicti
1162 3015 1238 3058 con-

71 3117 235 3165 memorare.
282 3100 368 3183 quod
398 3121 513 3163 nomen
535 3100 794 3184 adgnoscendum
818 3111 885 3164 erat
909 3103 940 3164 in
963 3119 1059 3164 versu
1082 3101 1237 3182 Propertii

72 3203 125 3261 rso
140 3205 194 3282 23,
225 3213 257 3268 ot
279 3224 376 3268 mmes
399 3207 510 3268 invicti
530 3207 648 3268 iuuenis
673 3193 866 3288 processerat
887 3205 990 3268 ultro:
1021 3215 1130 3268 errant
1152 3206 1237 3266 enim

71 3305 115 3380 qui
135 3306 234 3370 invicti
256 3311 374 3372 iuuenis
397 3311 603 3391 coniungunt,
629 3330 700 3371 cum
723 3319 833 3390 aperte
850 3310 943 3391 Hylas
966 3311 1091 3372 iuvenis
1114 3308 1239 3372 dicatur

71 3415 96 3464 ot
115 3427 209 3473 comes
223 3413 347 3474 lavioti.
394 3431 511 3474 nomen
526 3412 784 3493 adgnoscendum
802 3423 848 3476 est
865 3412 950 3494 apud
965 3414 1139 3494 Vergilium
1155 3409 1236 3474 Aen.

73 3527 114 3570 tiu
128 3513 196 3592 293,
220 3523 252 3578 tu
274 3515 453 3600 nubiqenns,
479 3517 597 3595 invicte,
624 3517 806 3597 bimembris,
824 3517 1029 3600 Hylaeumque
1047 3516 1236 3596 Pholumque,

72 3631 160 3694 nonu,
183 3625 214 3680 tu
230 3620 337 3682 Cresia
356 3628 472 3683 mactas
489 3621 630 3703 Prodiqio
645 3629 673 3682 et
687 3628 807 3683 vastum
825 3623 937 3683 Nemea
951 3620 1006 3684 sub
1022 3640 1097 3702 rupe
1113 3621 1236 3682 leonem.

145 3721 254 3784 Lxxu.
289 3725 324 3784 ln
348 3723 526 3786 Germanici
551 3724 777 3787 Phaenomenis
806 3723 882 3787 inde
911 3745 928 3786 a
953 3743 1047 3786 versu
1070 3724 1131 3784 'lib
1162 3723 1240 3784 baec

73 3817 213 3904 leguntur,

205 3933 290 4011 liures
313 3939 348 3993 ut
369 3935 401 3994 in
423 3951 521 3994 curru
543 3933 678 3995 trahitur
699 3934 765 3995 siae
786 3933 929 3996 uersibus
951 3933 1023 3995 ottts

209 4037 357 4117 ltquilos.
403 4035 478 4099 haut
500 4043 593 4099 totum
615 4055 731 4114 cernes,
756 4055 816 4098 non
839 4038 953 4121 inteqer
975 4039 1039 4117 ipse

210 4139 239 4199 in
261 4140 379 4202 eaelum
403 4139 491 4220 redit,
516 4148 549 4202 at
567 4160 645 4221 pars
667 4141 797 4202 deutera
819 4141 967 4223 merqilur
988 4139 1090 4215 uadis,

211 4245 321 4306 vertice
344 4242 461 4317 lucebit,
487 4253 605 4306 tenuas
627 4263 737 4306 monem
760 4246 862 4327 effera
883 4243 1005 4320 haedos,

113 4407 118 4416 ,
212 4347 299 4408 laeva
322 4348 404 4410 lovis
426 4349 538 4410 nutrias
560 4366 664 4410 umero
687 4347 823 4410 radiabit
844 4348 876 4409 ia
900 4349 975 4429 ipso,

208 4451 356 4530 proximu
378 4450 483 4514 telluri
503 4459 647 4516 nascetur
664 4451 776 4533 planto
797 4452 937 4526 sinistra,

212 4559 310 4614 cetera
332 4573 400 4616 eum
421 4555 548 4637 penicis
567 4554 700 4636 perfeeto
724 4553 823 4616 sidere
846 4561 980 4638 surqent.
