3156 5132
270 483 271 486 Ἴ
349 375 424 447 374
743 395 787 454 Ex
809 411 906 456 araus
928 395 1138 458 Βεεοιιεεεει.

435 581 523 642 XLll.
552 582 649 644 Plauti
673 601 786 646 versus
811 585 844 646 in
859 585 956 648 llilite
980 585 1112 667 glorioso
1129 584 1242 648 705εε.
1267 586 1456 650 allitschelio
1474 587 1504 648 ita

350 682 546 763 scribuntur,
974 737 977 742 .

391 786 513 869 quando
534 787 626 851 ltubco
649 789 757 853 multos
780 799 931 875 capream,
956 791 1030 874 quid
1052 791 1126 854 milti
1147 811 1222 876 opus
1244 800 1288 856 est
1309 791 1431 856 liberis?

391 889 472 954 atine
494 890 565 954 berre
588 895 657 955 vivo
680 901 707 956 et
725 893 883 975 sdrtuoate
904 903 994 978 atpte
1015 894 1051 959 dt
1071 897 1137 959 volo
1159 903 1248 978 alam
1270 897 1367 958 oasim
1389 894 1421 958 tlt
1434 894 1504 958 lubet.

391 998 464 1057 adm
487 1015 553 1058 roco
575 994 652 1059 bora
675 1001 749 1060 meis
772 1000 907 1082 copomis
929 999 1041 1078 diram,
1067 999 1146 1064 inter
1168 1019 1217 1064 cos
1236 1001 1389 1082 partiam.-

395 1099 471 1180 [idco
493 1108 527 1161 ut
549 1099 648 1181 liberi]
674 1120 720 1162 me
742 1110 864 1164 curant.
911 1106 1016 1166 visunt
1037 1103 1109 1185 quid
1131 1123 1233 1187 opnor,
1258 1103 1361 1186 ecpuld
1382 1103 1476 1166 velta:

388 1206 571 1284 priusquam
595 1203 672 1266 taret
694 1205 818 1282 άάεειηι,
843 1208 976 1289 repitent
997 1214 1086 1270 ardu
1107 1215 1142 1270 ut
1163 1226 1299 1270 somnam
1321 1207 1452 1288 εὲρεεεε.

349 1305 507 1387 inprime
530 1325 628 1370 versu
650 1306 725 1369 libri
750 1309 923 1372 camerarii
946 1320 978 1374 ει
1001 1311 1107 1374 Ursini
1131 1329 1206 1392 opus
1226 1309 1288 1392 suit
1309 1309 1381 1372 atti
1401 1307 1508 1386 babent,

349 1411 381 1471 in
403 1407 611 1474 Ambrosiam
633 1411 781 1493 adparuit
803 1431 909 1494 apuam
931 1459 937 1474 .
959 1459 966 1474 .
988 1461 994 1475 .
1017 1461 1023 1474 .
1049 1413 1124 1476 binc
1146 1414 1309 1495 suspicere
1330 1410 1509 1476 scribendum

349 1532 418 1575 esse
441 1513 515 1596 pald
537 1532 613 1596 opus
635 1514 711 1577 milti
730 1517 771 1578 sit
786 1515 915 1580 liberis?
938 1536 1033 1581 versu
1050 1518 1143 1580 tertio
1158 1526 1252 1580 vetus
1267 1516 1431 1579 Camerarii
1445 1513 1511 1576 liber

348 1614 446 1678 habet
467 1619 553 1680 tileo·
583 1617 692 1680 boacas
714 1638 750 1681 co
771 1627 866 1682 morte
888 1623 1038 1704 cappati,
1068 1621 1168 1684 erasis
1192 1622 1238 1682 eis
1261 1621 1374 1683 litteris
1395 1619 1510 1700 quaein

348 1719 512 1782 decurtato
536 1722 578 1782 ita
599 1722 737 1803 scriptae
761 1733 853 1802 sunt,
879 1726 978 1787 Meam
1001 1723 1109 1786 boam
1133 1741 1170 1786 cu
1191 1730 1286 1786 morte
1308 1723 1462 1807 εεφιειεω,
1485 1723 1509 1780 in

348 1825 515 1887 Ursiniano
544 1826 604 1902 ita,
637 1824 706 1888 licit
727 1824 805 1887 bmra
827 1845 895 1888 meo
915 1827 1169 1910 coronopum,
1201 1845 1327 1908 exque
1350 1827 1511 1888 lactunest

348 1930 418 1990 lieu
439 1926 517 1989 bona
539 1947 606 1990 mco
628 1935 722 1990 morte
743 1930 889 2012 copitalia,
916 1928 950 1992 id
966 1929 1051 2009 quod
1073 1930 1166 1992 ctiam
1183 1929 1214 1990 in
1232 1928 1314 1991 libro
1329 1927 1510 1992 Ambrosiam

349 2031 518 2092 llitsohelio
530 2023 700 2092 videbatur
711 2051 793 2093 esse.
820 2032 1027 2096 scribendum
1039 2053 1109 2095 csse
1123 2034 1153 2094 ia
1165 2037 1257 2096 morli
1266 2035 1398 2116 eopacb's
1408 2031 1512 2094 liothius

350 2143 434 2194 recte
458 2134 630 2196 intellexit:
656 2143 779 2196 tantum
802 2134 892 2198 abest
914 2138 1000 2199 enim
1023 2147 1058 2198 ut
1080 2143 1174 2198 morte
1189 2157 1206 2198 e
1223 2137 1408 2216 glossemate
1424 2145 1509 2196 natum

348 2237 390 2298 sit
413 2245 447 2298 ut
469 2256 563 2317 aegre
587 2257 623 2298 eo
647 2236 744 2300 verbe
767 2257 942 2302 careamus.
983 2249 1081 2302 toturn
1105 2239 1297 2302 versiculum
1315 2241 1356 2301 ita
1370 2239 1507 2310 concinno,

456 2340 532 2402 bona
556 2358 622 2402 mea
645 2342 676 2402 ia
699 2344 789 2403 morti
811 2344 945 2426 copretis
969 2341 1088 2421 didam,
1115 2343 1194 2405 iuter
1216 2361 1264 2405 eos
1286 2343 1429 2424 pdrtium.

349 2462 421 2506 nam
444 2441 573 2507 dicendi
595 2443 731 2507 verbum
755 2445 896 2508 alienum
919 2455 977 2508 εει.
1026 2445 1111 2508 idem
1134 2445 1214 2508 illud
1233 2445 1344 2508 didam
1359 2443 1510 2508 restitucio

349 2548 442 2609 Persa
466 2566 496 2607 v.
516 2545 591 2625 757,

391 2649 473 2714 aare
495 2649 529 2712 ob
552 2669 619 2712 com
641 2669 706 2712 rem
729 2651 809 2714 inter
825 2653 991 2734 participes
1006 2650 1115 2714 didam
1128 2652 1280 2733 praedam
1296 2659 1324 2714 ct
1335 2648 1508 2734 participato.

348 2755 501 2835 scriptum
524 2765 572 2816 est
595 2755 742 2830 dividam,
767 2755 960 2819 antecedunt
982 2765 1088 2818 autem
1110 2754 1216 2817 eidem
1233 2756 1359 2818 numeri
1376 2753 1509 2818 trochaici.

348 2877 460 2921 versus
483 2869 617 2940 quartus
640 2860 672 2919 in
697 2859 869 2920 Camerarii
893 2857 985 2920 libris
1008 2859 1050 2920 ita
1073 2858 1212 2939 scriptus
1234 2869 1300 2938 est,
1333 2861 1370 2922 Li
1389 2857 1464 2941 apud
1480 2871 1511 2914 rt

353 2961 389 3042 [te
405 2961 504 3044 vetus)
524 2962 653 3024 admunt
670 2981 716 3024 me
730 2961 891 3042 curabunt,
919 2963 951 3024 in
968 2963 1072 3024 Ursini
1090 2961 1171 3023 libro
1188 2981 1250 3023 non
1267 2964 1304 3023 Li
1317 2973 1378 3042 εει,
1402 2960 1452 3024 sed
1465 2958 1509 3020 llli.

351 3066 383 3126 in
405 3062 613 3127 ambrosiano
636 3084 698 3128 non
721 3065 775 3126 Illi
797 3065 875 3144 luit,
900 3063 958 3128 sed
980 3063 1063 3128 duae
1087 3074 1208 3126 tantum
1232 3065 1374 3146 litterae,
1404 3079 1509 3147 querar

347 3169 445 3230 altera
470 3169 572 3230 iesse
595 3169 786 3231 Ilitschelius
815 3167 908 3231 dicit:
939 3167 1059 3232 deinde
1090 3168 1193 3231 eidem
1217 3169 1302 3250 npttd
1327 3215 1333 3230 .
1361 3215 1368 3229 .
1396 3215 1402 3230 .
1427 3214 1433 3228 .
1454 3213 1460 3226 .
1480 3207 1508 3222 .·

347 3280 505 3334 maererent
526 3271 684 3352 adparuit.
732 3273 806 3334 hinc
830 3272 896 3333 veri
920 3272 1023 3334 simile
1046 3281 1095 3334 est
1118 3271 1261 3335 Plautum
1285 3271 1446 3353 scripsisse

391 3377 420 3437 εἰ
444 3376 527 3457 oport
549 3395 595 3437 mc
609 3385 695 3454 sunt,
721 3376 750 3436 et
766 3394 812 3437 mc
826 3383 956 3438 curant:
980 3374 1172 3457 visuriquid
1186 3394 1289 3457 upum,
1316 3375 1419 3458 eumad
1432 3372 1508 3434 teda.

350 3479 544 3560 reliquorum
568 3488 697 3560 praeter
718 3477 961 3542 Ambrosianum
986 3476 1139 3541 librorum
1163 3478 1250 3539 vitiis
1274 3478 1333 3540 hoc
1354 3471 1512 3550 sabasta

291 3572 439 3666 aterpad'
464 3584 530 3646 med
551 3591 651 3662 emat,
678 3602 724 3644 nee
746 3581 916 3646 curabunt:
941 3581 998 3645 sed
1020 3580 1233 3644 adversantur
1256 3584 1382 3646 numeri
1397 3591 1426 3644 et
1440 3593 1510 3661 pne·

350 3697 433 3750 stant
455 3707 532 3750 sane
555 3687 746 3769 praesentia.

437 3793 471 3854 ln
495 3790 606 3853 eodem
629 3790 726 3852 llilite
750 3810 779 3850 v.
800 3790 861 3849 att
885 3788 989 3850 scribo

392 3899 537 3978 φεαεὶευε
564 3896 600 3956 eo
622 3913 672 3957 res
691 3913 749 3975 per
772 3912 817 3954 mc
839 3893 1033 3974 interpretem
1055 3900 1083 3953 et
1105 3899 1188 3954 tuum
1212 3893 1360 3954 anodiam
1380 3897 1508 3954 coaretor.

350 3998 424 4061 libri
450 3997 637 4061 deotrrtatns
666 4007 698 4059 et
726 3997 913 4060 Ursinianus
942 3997 1057 4059 ancilla
1083 4001 1221 4071 caretur,
1255 4005 1349 4059 vetus
1372 3985 1510 4056 Censorii

350 4103 493 4164 ancillam
516 4103 689 4163 aieccretur.

436 4206 536 4266 Versu
553 4203 615 4265 997
643 4213 735 4266 vetus
765 4202 848 4264 liber
871 4201 1042 4265 Camerarii
1072 4213 1102 4263 et
1128 4201 1316 4264 Ursinianus
1339 4199 1445 4264 habant
1465 4195 1509 4254 lle

350 4307 468 4370 mosrbit
489 4327 526 4370 nc
548 4306 620 4368 dum
642 4307 700 4369 buc
721 4305 873 4386 transibit,
899 4306 1060 4386 discrepat
1074 4303 1259 4369 decurtatus
1275 4323 1312 4368 eo
1328 4301 1408 4386 qnod
1423 4301 1509 4362 bomo

351 4409 523 4478 ibithabct.
554 4410 654 4474 latere
670 4409 793 4472 domiao
803 4408 1066 4473 Acidaliusvidit.
1097 4409 1240 4490 suspicor
1253 4405 1445 4472 scribendum
1456 4415 1507 4462 osse

622 4513 745 4578 ddmiao
766 4512 823 4575 ubi
846 4521 987 4578 actutum
1010 4511 1069 4576 lttic
1091 4510 1247 4578 amede.
