3182 5132
574 415 679 478 Virri.
760 463 763 468 .
1149 403 1222 476 457

6 615 9 624 “
50 609 229 664 constantem
252 601 514 668 consuetudinem
537 604 794 670 membranarum
819 605 880 668 illis
903 605 992 670 libris
1015 625 1149 688 querum
1174 609 1224 669 ni·

50 706 101 764 mia
129 708 291 770 veneratio,
312 726 453 772 errorem
490 711 616 790 peperit
649 709 770 790 aliquot
801 710 998 776 sacculorum
1034 711 1223 792 antiquitate

48 807 299 872 antecedentium.
346 829 382 872 ae
398 812 536 891 primum
552 811 682 892 quidem
705 812 791 874 subit
813 813 921 878 mirari
944 832 1002 876 cur
1024 816 1055 876 in
1072 813 1224 877 Plautinis

49 909 149 976 tabulis
169 914 202 974 in
225 913 277 977 illo
293 912 446 978 venabulo
468 915 541 995 plus
563 915 636 978 lidei
654 915 809 980 habeatur
825 917 999 980 Camerarii
1015 916 1119 997 libris,
1141 936 1224 998 quo-

49 1033 107 1076 rum
133 1035 173 1080 ne
201 1026 350 1082 constans
379 1017 509 1098 quidem
544 1019 740 1082 consuetudo
769 1029 842 1100 est,
878 1039 972 1100 quam
998 1019 1220 1085 Ambrosiano.

47 1121 184 1200 scriptum
206 1129 384 1184 estensem
414 1122 447 1186 in
471 1141 508 1186 eo
532 1120 613 1186 libre
635 1123 766 1203 suspicio
790 1122 904 1186 Pseud.
930 1124 975 1184 15
1001 1125 1079 1202 tte,
1105 1125 1221 1186 Trin.r

48 1222 127 1302 hid,
149 1225 353 1305 suspicionem
374 1225 461 1290 Trio.
485 1243 495 1285 r
516 1226 535 1286 ι
553 1225 605 1288 li.
651 1245 714 1288 non
741 1224 923 1306 discrepant
950 1226 991 1288 ab
1013 1226 1223 1292 ambrosiano

47 1324 113 1388 libro
128 1326 402 1393 Ciceronianerum
418 1329 594 1392 orationum
617 1327 754 1392 schedae
772 1329 1015 1410 palimpsestae,
1040 1330 1097 1394 sed
1119 1331 1223 1410 scrip-

47 1439 102 1488 turn
116 1439 162 1492 cst
177 1433 309 1513 suspicio
333 1431 365 1494 iu
382 1433 553 1494 Scauriana
569 1430 586 1515 §
603 1433 633 1494 6.
655 1433 705 1494 ιι.
726 1434 776 1494 li.
800 1433 847 1494 tt.
867 1433 920 1510 et,
946 1434 1116 1514 suspicione
1132 1431 1149 1516 §
1168 1434 1220 1511 ts,

46 1536 176 1613 strepaicic
199 1535 239 1604 in¹
256 1534 424 1598 Fonteiano
448 1533 519 1616 §52
551 1536 649 1598 nihilo
673 1545 778 1605 tamen
802 1537 907 1601 miuus
935 1545 1114 1616 contempta
1137 1537 1222 1598 anti-

45 1637 180 1714 quissime
201 1639 380 1718 scripturae
403 1636 555 1701 memoria
576 1657 682 1720 nuper
703 1638 822 1702 adscita
850 1647 901 1702 est
922 1636 1021 1700 forma
1043 1641 1223 1702 novicia'et

46 1737 117 1802 lalsa.
162 1742 364 1822 susps'cioncm
391 1742 544 1822 scriptum
569 1752 617 1807 est
644 1744 677 1806 in
706 1743 839 1806 Scholiis
861 1740 1074 1806 Bebiensibus
1098 1763 1131 1823 p.
1159 1744 1220 1807 293

46 1842 141 1904 ilos.
186 1863 314 1926 possum
344 1846 442 1906 marita
471 1845 608 1908 addere:
647 1845 705 1908 sed
739 1865 802 1906 nen
836 1865 916 1926 opus
941 1855 997 1908 est
1031 1864 1221 1908 enumerare

45 1947 184 2027 exempla,
209 1966 283 2010 cum
305 1947 494 2012 adseverare
518 1950 635 2029 possim
659 1950 690 2010 in
707 1947 854 2012 omnibus
869 1967 1005 2028 quorum
1028 1949 1138 2018 notitia
1161 1949 1219 2012 he-

45 2047 125 2111 betur
147 2050 237 2118 libris
260 2053 385 2116 saeculo
406 2035 542 2132 septime
563 2051 798 2132 antiquioribus
820 2053 1009 2132 suspicionis
1034 2051 1220 2116 vocabulum

45 2153 79 2212 ita
103 2173 226 2235 semper
253 2155 408 2235 seriptum
439 2173 508 2219 esse
537 2165 572 2218 ut
600 2175 615 2218 c
639 2154 764 2217 habeat.
811 2175 904 2236 saepe
929 2155 1044 2236 legitur
1072 2154 1105 2216 id
1128 2175 1221 2219 voce-

45 2253 139 2318 bulum
172 2259 205 2320 in
224 2245 372 2337 Digestis
394 2258 558 2322 Iustiniani
574 2241 769 2338 'scriptaque
798 2268 846 2320 est
875 2259 906 2319 in
935 2258 1015 2320 libro
1043 2258 1280 2324 Florentiuorte

45 2359 172 2422 clittera
194 2361 264 2426 siue
288 2361 353 2422 ulla
375 2362 571 2442 exceptione.
620 2361 796 2442 parendum
820 2370 870 2424 est
896 2363 994 2442 igitur
1018 2360 1109 2426 libris
1132 2372 1222 2423 vete-

45 2461 120 2524 ribus
141 2473 298 2544 neqneut
315 2464 529 2544 ipreductum
553 2464 729 2545 explicetur
751 2464 793 2527 ad
817 2465 977 2528 recentius
995 2465 1220 2545 pronuntiandi

45 2565 257 2648 scribendique
280 2568 392 2630 sitium
417 2567 586 2647 fictamque
610 2569 723 2631 inscite
752 2568 966 2648 suspicitionis
988 2587 1096 2629 vocem
1125 2566 1221 2629 aber-

46 2668 174 2733 randum.

117 2775 178 2846 llll.
211 2775 288 2836 hliro
311 2775 379 2836 sive
403 2772 519 2835 iudicio
542 2775 610 2836 sive
625 2774 773 2854 neglectu
796 2771 830 2836 in'
845 2792 1050 2855 personarum
1075 2774 1219 2836 Eunuchi

44 2876 234 2940 Terentianae
269 2876 376 2940 tabula
410 2887 557 2942 servatur
585 2877 698 2939 Laches
732 2895 828 2938 senem
860 2877 1011 2957 idemque
1043 2893 1156 2938 nemen
1188 2878 1220 2937 in

43 2991 117 3042 actus
132 2981 236 3061 quinti
250 2999 367 3043 ¹scaena
383 2981 493 3061 quinta
517 2982 563 3042 eis
580 2979 774 3044 adscribitur
796 2999 877 3060 quae
900 2982 928 3041 is
951 2999 1050 3044 senex
1066 2979 1216 3060 loquitur.

43 3086 116 3162 atch
142 3085 283 3146 Donatus
312 3086 344 3144 in
374 3085 463 3146 initio
497 3075 629 3146 scaenae
659 3084 744 3148 illius
773 3083 982 3148 adnectendum
1008 3085 1114 3164 inquit
1141 3083 1221 3163 qrcod

42 3185 121 3250 lrrirrs
148 3189 230 3252 senis
258 3206 366 3251 nomen
393 3187 477 3269 apud
504 3189 673 3251 Terentium
709 3207 769 3249 nen
798 3195 860 3249 est:
897 3185 981 3267 opud
1015 3186 1222 3248 Menandrum

44 3290 133 3352 Simon
156 3292 281 3354 dicitur.
327 3291 489 3370 usquein
511 3301 696 3371 argumente
719 3289 843 3352 fabulae
860 3309 973 3352 nomen
990 3291 1134 3351 Lachetis
1152 3308 1221 3350 me-

44 3403 177 3474 moratur,
203 3392 262 3458 sed
285 3411 360 3474 pers
382 3393 453 3456 eius
474 3394 526 3456 illa
549 3396 711 3456 continere
735 3393 852 3456 dicitur
864 3393 1123 3474 perturbationem
1142 3395 1221 3454 Pur·

44 3500 162 3562 lorenceis
181 3516 240 3578 per
261 3497 366 3560 dolum
391 3496 512 3578 Pythice
534 3506 623 3578 etque
645 3500 712 3559 eins
736 3497 846 3559 indicio
859 3515 916 3577 per
933 3515 1043 3576 sermm,
1069 3496 1123 3576 qui
1144 3515 1220 3556 rure

43 3606 102 3662 tunc
122 3601 298 3678 (advenerat,
325 3601 518 3680 confirmatus
534 3603 669 3682 naepties.
701 3601 833 3681 adparet
848 3618 961 3662 nemen
980 3598 1060 3660 illud
1076 3597 1221 3660 Lachetis

42 3701 168 3765 additum
199 3722 270 3768 esse
299 3712 369 3784 post
397 3703 509 3766 Donati
546 3712 699 3784 tempera.
754 3702 840 3784 qued
869 3701 984 3764 lactum
1020 3711 1069 3764 est
1099 3709 1220 3762 temere

41 3815 122 3885 atque
151 3809 276 3870 inseite.
323 3806 467 3888 ineptum
498 3817 547 3870 est
582 3808 665 3868 enim
700 3809 826 3868 nomina
857 3806 977 3886 lingere
1010 3821 1218 3885 personarum

42 3927 110 3986 (puae
137 3911 170 3972 in
197 3911 275 3990 ipsis
303 3909 419 3972 fabulis
447 3927 619 3990 numquam
654 3911 913 3990 pronuntiantur.
961 3915 1156 3988 quapropter
1186 3909 1218 3968 in

43 4009 127 4074 Plauti
148 4013 246 4074 Milite
269 4013 402 4094 glorioso
431 4023 486 4074 aut
508 4013 681 4076 delendum
711 4022 779 4074 erat
807 4011 989 4074 adnotatum
1017 4029 1132 4074 nemen
1156 4011 1219 4070 Lu-

42 4116 149 4178 crienis
177 4127 233 4179 aut
261 4115 517 4196 adgnoscendum
547 4117 663 4178 alicubi
701 4118 733 4177 in
763 4117 864 4196 ipsius
898 4113 1022 4176 tabulae
1057 4110 1215 4174 versibus.

41 4215 96 4279 diri
117 4221 193 4282 elias
216 4216 265 4302 [11
280 4217 375 4302 {59],
401 4239 461 4282 nec
485 4231 570 4282 mute
586 4220 787 4296 sententiam,
814 4227 900 4280 recte
916 4218 1080 4297 scripsisse
1097 4215 1218 4278 Grono-

42 4319 115 4383 rium
130 4341 163 4384 ur
179 4323 198 4384 2
215 4323 255 4386 29
279 4325 309 4384 si
326 4321 413 4404 falsu
433 4322 532 4402 dices,
566 4324 691 4399 lucrio,
724 4320 951 4384 excresciubere.
990 4318 1217 4399 adpellativum

41 4421 135 4502 laccrio,
160 4426 247 4508 quod
269 4426 383 4490 Paulus
405 4423 502 4488 habet
525 4429 556 4488 in
581 4427 730 4506 Gerenpn,
761 4444 778 4486 a
801 4422 952 4486 lucrando
975 4421 1146 4484 deductum
1170 4433 1218 4482 est

41 4543 133 4607 neque
160 4531 261 4592 aliter·
282 4528 507 4610 explicandum
536 4547 606 4590 esse
636 4529 763 4590 videtur
790 4528 952 4609 preprium
986 4544 1115 4587 nornen.
1160 4524 1218 4586 sed
