3156 5132
360 418 433 490 366
754 431 798 491 Ex
820 448 916 492 snm
939 431 1147 492 Brnarrnnnsr.

360 625 502 702 ineptum
525 629 573 682 est
596 619 681 700 quod
704 618 794 682 addit
816 619 1005 682 sententiam
1028 620 1196 700 requirere
1218 616 1322 680 videri
1339 617 1516 680 essesihiin

356 744 476 808 param.
524 724 580 787 sed
602 725 728 804 turpius
751 724 846 785 etiam
869 724 1013 804 peccavit
1036 723 1069 783 in
1092 719 1297 803 procudenda
1319 722 1415 783 altero
1431 741 1516 798 versu,
1568 757 1569 780 r

360 848 455 910 quem
477 827 685 889 bellissimum
705 825 790 887 lecit.
838 828 992 908 scriptum
1009 836 1057 888 cst
1079 826 1113 887 iu
1128 826 1276 887 Vaticano
1291 825 1423 906 syllogcs
1436 825 1519 885 Perot-

336 934 446 994 stiuaa
470 918 652 1011 exemplari*
676 929 873 992 Iucunditatis
896 947 1023 992 cansam
1044 947 1105 990 naa
1126 927 1246 1010 repellit
1273 931 1385 1004 Venas,
1409 928 1437 988 in
1457 929 1520 986 Nea

360 1037 499 1117 palitsno
522 1051 711 1097 consuesse
733 1031 861 1095 dicitur.
909 1031 985 1094 iude
1007 1031 1091 1094 taciti
1113 1049 1211 1112 opera
1234 1033 1360 1093 emitur

631 1136 828 1198 iuuanditatis
851 1153 960 1198 ansam
984 1136 1128 1216 repperit
1155 1137 1263 1197 Venas.

361 1260 470 1304 ansam
499 1241 635 1322 repperit
658 1239 819 1301 Phaedrus
848 1236 929 1300 dixit
958 1248 993 1300 ut
1015 1239 1142 1300 Plautus
1165 1236 1277 1300 Pseud.
1297 1256 1327 1298 rr
1342 1239 1394 1299 ts
1415 1238 1523 1299 namsia

360 1365 429 1407 nom
450 1345 615 1426 repperisti
636 1353 667 1404 et
690 1343 805 1404 similia
828 1343 894 1404 alii.

447 1448 568 1512 XXXV,
600 1445 808 1528 Symmachus
837 1447 870 1506 in
899 1447 1039 1507 aratione
1069 1463 1131 1526 qua
1160 1446 1284 1508 senatui
1308 1463 1366 1525 pro
1388 1443 1524 1505 consulatu

361 1552 445 1633 patri
474 1551 601 1613 decreto
629 1552 745 1630 gratias
775 1549 839 1629 agit
869 1549 976 1630 capt
1012 1549 1053 1630 (p.
1072 1549 1108 1608 3l
1137 1547 1189 1610 ed.
1220 1549 1290 1610 llaii
1320 1567 1350 1610 a.
1376 1563 1523 1617 maman,

362 1675 393 1736 p.
414 1656 452 1716 43
476 1652 582 1735 Nieb.)
611 1653 689 1714 haec
715 1653 793 1715 dicit
814 1661 943 1713 senatus
966 1661 996 1713 et
1019 1651 1180 1730 Gratiani,
1210 1653 1267 1732 qui
1290 1660 1416 1713 senatus
1434 1650 1525 1711 volun-

360 1768 458 1820 tatem
488 1753 756 1838 conprobaverat,
788 1753 900 1817 laudes
927 1754 1052 1817 tumida
1079 1756 1220 1817 aratione
1250 1754 1461 1836 conplectens,
1487 1750 1527 1811 nti

361 1869 434 1925 sant
461 1862 515 1942 pai
538 1859 625 1942 salsa
653 1859 764 1919 mimis
791 1857 981 1935 inhiberent,
1013 1860 1111 1942 napis
1132 1858 1280 1940 efficacem
1304 1875 1370 1921 esse
1391 1857 1524 1920 medacinn

358 1964 502 2046 factmnis
524 1981 615 2044 paam
634 1962 804 2023 volumtas
819 1960 989 2023 bonoram?
1009 1979 1115 2043 nempe
1126 1957 1243 2046 f[cc]it
1257 1963 1384 2043 rapam
1398 1964 1523 2032 calmem,

362 2075 391 2130 ct
411 2074 520 2129 contra
540 2065 671 2127 ambitus
693 2065 790 2126 ornnes
813 2067 945 2147 ipaavas
967 2072 1020 2127 ast.
1069 2065 1148 2146 pand
1168 2063 1288 2128 tonate
1305 2067 1440 2147 posciba
1449 2062 1525 2144 [elici

363 2179 409 2233 tar
423 2173 615 2252 impetratur.
656 2167 709 2228 hcc
725 2169 775 2228 ias
785 2169 938 2249 patriciae
950 2171 1033 2252 penti
1047 2176 1183 2250 tempora
1197 2168 1407 2230 reddiderant.
1441 2173 1524 2248 postit-

364 2275 437 2336 tatio
466 2282 571 2336 vestra
592 2271 737 2334 indictam
760 2279 814 2333 cst.
862 2255 1083 2354 impetrabilia
1106 2281 1216 2334 cuncta
1236 2292 1319 2335 nanc
1337 2273 1436 2355 pann
1457 2287 1523 2352 anca
1568 2339 1569 2356 χ

364 2376 529 2459 aliqnando
562 2377 706 2438 iussistis.
758 2393 822 2436 uon
853 2375 991 2439 restituit
1019 2377 1120 2438 Maius
1147 2375 1363 2439 oblitteratum
1392 2395 1431 2436 es
1456 2381 1523 2454 purte
1568 2363 1569 2440 l

364 2481 498 2544 verbum
522 2478 686 2560 eumfacit
707 2478 787 2540 illud
809 2480 956 2560 scripsit:
990 2480 1204 2560 nequeenim
1227 2480 1370 2542 nascitur
1391 2478 1462 2542 inde
1479 2475 1522 2538 ulls
1568 2447 1569 2518 l

364 2583 539 2646 tolerabilis
554 2585 725 2644 sententia.
753 2585 960 2664 perspicuum
975 2592 1024 2645 est
1035 2583 1435 2664 Symmachumscripsisse
1446 2595 1521 2658 aar?

365 2689 445 2768 iugit
466 2688 593 2768 repulsa
615 2688 767 2763 victuum,
793 2687 945 2750 nimirum
967 2697 1002 2750 ut
1025 2689 1057 2750 in
1080 2689 1264 2748 memoriam
1286 2684 1520 2749 auditoribusre

365 2800 492 2854 vacaret
520 2789 599 2852 illud
622 2791 823 2852 Horatianum
854 2793 954 2853 virtus
975 2791 1119 2872 repulsae
1139 2793 1244 2853 nescia
1265 2789 1409 2852 sordidae
1430 2783 1523 2850 inan

364 2899 447 2958 natis
473 2894 570 2977 salpe!
598 2892 772 2955 honoribus.
819 2903 961 2956 cetemm
992 2897 1019 2955 si
1042 2895 1119 2955 mihi
1143 2903 1206 2955 tarn
1229 2902 1390 2956 constaret
1412 2894 1524 2973 symm

366 3000 461 3060 chum
484 3005 608 3060 martra
628 2995 747 3058 dixisse
763 3015 858 3076 quam
874 3006 996 3060 constat
1015 2993 1149 3060 eos'lalli
1166 2997 1221 3078 qul
1238 2997 1297 3058 hoc
1312 2995 1443 3058 verbum
1457 2993 1524 3054 aa·
1568 3039 1569 3042 ,

366 3100 407 3162 ab
429 3101 548 3162 ultimis
575 3102 775 3180 antiquitatis
797 3099 994 3180 temporibus
1015 3098 1183 3182 ablegant,
1214 3110 1362 3182 putarem
1383 3117 1455 3162 sane
1473 3111 1525 3157 sun

365 3223 428 3265 non
451 3212 479 3265 st
501 3211 608 3265 cotnra
629 3203 811 3283 scripsisse,
837 3201 893 3264 sed
917 3211 1050 3279 econtra,
1076 3205 1218 3265 oratione
1241 3203 1282 3265 ad
1305 3197 1525 3283 intellegendum
1568 3185 1569 3252 l

367 3307 464 3368 multo
487 3306 644 3385 faciliore,
670 3307 761 3368 cuius
782 3305 861 3367 haec
881 3310 931 3367 'est
953 3309 1131 3387 sententia,
1167 3308 1313 3388 ‘repulsa
1336 3305 1426 3368 abest
1444 3323 1459 3364 s
1477 3302 1527 3360 u'r-

366 3420 453 3489 tute,
485 3409 683 3471 econtrario
712 3408 872 3470 invalidus
901 3418 951 3470 est
972 3409 1118 3491 nihilque
1141 3409 1264 3490 prolicit
1287 3409 1444 3472 ambitus'
1482 3403 1527 3464 lit

368 3515 440 3575 ratii
467 3521 573 3575 autem
603 3529 723 3572 memor
752 3511 883 3574 tortasse
912 3511 971 3574 luit
993 3513 1201 3594 Symmachus
1222 3515 1318 3574 etiam
1342 3513 1375 3574 in
1398 3505 1527 3573 Laudibus

368 3617 402 3676 in
417 3615 673 3678 Valentinianum
689 3633 698 3674 r
718 3615 753 3675 l:
779 3623 865 3676 certe
888 3633 959 3676 curn
977 3615 1112 3696 legimus
1130 3615 1173 3678 ibi
1181 3618 1320 3697 minam
1335 3617 1461 3678 tolerans
1473 3607 1528 3672 salit

368 3727 396 3781 et
413 3719 555 3801 pulveris
577 3736 642 3780 esse
663 3717 813 3792 didicisti,
839 3729 951 3800 sponte
975 3718 1087 3781 incidit
1111 3721 1314 3782 horatianum
1338 3717 1416 3780 illud
1433 3715 1527 3798 psalm

365 3823 505 3904 pulveris
531 3829 620 3902 aspa
642 3822 726 3883 salis.

454 3925 589 3986 xxxvl.
618 3923 708 3987 Alius
738 3925 887 3986 carminis
911 3926 1069 3986 Horatiani
1099 3945 1221 3988 memor
1243 3925 1375 3988 fumasse
1398 3931 1459 3986 erat
1476 3919 1528 3979 iir-
1568 3961 1569 4020 t

368 4032 470 4090 micus
492 4031 651 4090 Maternus
680 4047 751 4090 cuni
783 4029 814 4089 in
842 4027 923 4088 libro
946 4026 987 4089 de
1011 4047 1118 4091 errare
1142 4029 1347 4109 profanarum
1370 4027 1526 4106 religienum

370 4151 438 4213 cap.
458 4131 477 4193 7
493 4133 699 4212 Proserpinae
716 4141 841 4211 raptum
857 4133 1015 4192 narravit:
1042 4142 1128 4193 certe
1144 4130 1230 4212 quod
1246 4131 1292 4193 ibi
1308 4132 1388 4194 malo
1402 4129 1528 4208 scriptun

370 4244 420 4297 est
442 4234 532 4297 lacile
555 4236 695 4315 corrigas
717 4236 743 4296 si
769 4235 885 4296 llaratii
910 4237 1105 4296 memineris.
1152 4237 1185 4296 in
1207 4233 1261 4296 hoc
1284 4236 1347 4297 boo
1365 4233 1457 4315 inquit
1476 4243 1525 4289 aaa

370 4359 390 4399 a
407 4339 529 4400 Platone
551 4339 638 4420 airpo
653 4355 749 4418 prope
764 4357 923 4419 cameram
935 4337 1047 4419 suisset
1060 4341 1194 4414 inventa,
1220 4342 1253 4400 ai
1265 4343 1391 4421 rapitur
1404 4343 1428 4398 ct
1440 4343 1526 4409 samr-
1568 4327 1569 4372 t

371 4443 510 4523 imposita
530 4441 682 4522 vehicula,
707 4443 812 4504 scissis
834 4440 983 4517 casabus,
1009 4443 1152 4504 laceratis
1173 4440 1322 4519 crinitis,
1347 4441 1466 4509 annac
1487 4445 1525 4488 Μ

370 4547 524 4607 reservati
543 4561 659 4626 capam
681 4553 788 4607 cantra
810 4551 978 4606 malorem
999 4546 1147 4607 matiana
1170 4543 1525 4626 mariamnensis
1568 4573 1569 4588 a
