3252 5130
331 366 413 438 (628
731 380 776 442 Ex
798 399 892 446 uram
918 383 1124 444 Brronrnrnst.

326 569 420 630 intra
446 569 623 650 speluncam
651 569 808 652 verbisque
838 589 916 652 puae
944 570 1062 634 dolebat
1088 573 1209 633 minora
1228 569 1376 652 sacuntes
1399 572 1444 633 sic
1465 570 1525 632 ad·

331 672 485 734 locamur
533 673 645 752 periit,
677 673 740 734 nisi
763 673 869 752 fallor,
903 683 973 755 post
994 675 1169 756 speluncam
1191 673 1243 734 vel
1265 673 1383 736 duwnt
1405 674 1456 735 val
1478 674 1524 735 si-

332 774 408 836 mile
431 771 577 836 verbum.

419 893 585 974 Capitate
610 895 716 958 Venus
738 896 780 956 ita
800 895 952 976 loquitur,
976 897 1123 958 nimirum
1138 897 1290 958 mmmuni
1302 895 1440 957 nummis
1451 895 1524 972 pra·

332 1004 429 1058 mento
459 998 595 1059 vicariae
621 999 826 1060 amerationis
848 999 997 1060 decertum
1017 997 1169 1078 manebo
1191 1005 1219 1059 et
1241 999 1403 1082 imaqinem
1424 1016 1522 1058 menen

326 1097 524 1180 circumferet
543 1100 646 1180 puella
669 1103 830 1162 mendara.
878 1103 996 1164 vicaria
1018 1101 1180 1164 veneratio
1203 1119 1240 1162 ea
1258 1110 1306 1162 est
1321 1119 1384 1182 qua
1401 1099 1521 1182 Psyche

331 1203 402 1264 vice
424 1204 559 1264 Veneris
588 1204 713 1266 colitur.
761 1204 793 1264 in
818 1223 881 1284 qua
905 1205 1107 1266 veneratione
1131 1221 1202 1266 cum
1225 1204 1306 1264 nihil
1328 1205 1369 1266 sit
1393 1204 1519 1280 incerti,

327 1304 539 1368 scribendum
562 1322 632 1367 esse
655 1305 795 1367 arbitror
817 1308 972 1370 incestum.
1020 1327 1092 1369 nam
1116 1308 1290 1368 incestatur
1305 1307 1413 1370 Venus
1434 1307 1522 1368 vica·

330 1409 379 1468 ria
402 1407 455 1468 illa
477 1409 691 1470 veneratione.

416 1527 542 1588 Libros
565 1547 635 1608 cap.
654 1531 673 1588 9
696 1531 869 1590 orationem
893 1549 955 1592 non
979 1533 1133 1611 integram
1157 1531 1199 1592 ita
1215 1527 1426 1609 complendam
1443 1517 1519 1590 ωεοΙ

269 1649 318 1698 stt
330 1631 483 1710 suspicor,
508 1630 612 1693 bocine
634 1629 689 1692 tibi
702 1631 884 1712 camplacuit
896 1639 931 1694 ut
952 1627 1048 1720 (nno)
1070 1640 1198 1714 unoque
1208 1639 1337 1713 parente
1349 1638 1522 1714 propnatnc

330 1733 486 1794 diversam
514 1741 625 1795 sortem
653 1735 880 1796 sustineamus?
913 1753 985 1796 nam
1016 1736 1132 1797 dicitur
1157 1754 1218 1796 non
1242 1751 1417 1813 numquam
1440 1752 1520 1796 nans

329 1835 386 1916 qni
409 1843 458 1896 est
480 1835 576 1898 idem.

417 1972 524 2052 Capite
543 1975 580 2034 to
601 1976 751 2054 leguntur
766 1973 880 2054 partim
897 1992 978 2054 quae
994 1973 1151 2036 sententia
1167 1982 1287 2050 carent,
1305 1973 1421 2053 partim
1438 1989 1518 2052 quaa

328 2077 502 2138 arationem
526 2073 713 2138 dissolvunt.
761 2093 853 2156 quae
866 2075 912 2137 sic
928 2075 1126 2137 emendanda
1143 2095 1212 2138 esse
1228 2093 1353 2154 censeo,
1380 2094 1431 2158 epo
1447 2093 1517 2136 vero

329 2179 475 2239 maritum
506 2177 674 2239 articulari
701 2179 792 2239 etiam
814 2177 915 2239 morbo
939 2179 1140 2260 conplicatum
1162 2186 1385 2259 currentemque
1406 2198 1444 2239 ac
1465 2196 1519 2258 per

328 2280 383 2341 boc
405 2281 567 2341 rarissima
582 2279 706 2342 Venere
730 2300 798 2341 eam
820 2283 997 2344 recolentem
1012 2283 1154 2344 sustineo.
1196 2282 1377 2364 plerumque
1391 2282 1518 2344 detortos

329 2391 358 2444 et
385 2383 512 2444 duratos
541 2383 572 2443 ia
603 2383 734 2464 lapidem
761 2383 868 2466 dipitos
899 2385 963 2446 eius
988 2383 1183 2465 perfricans,
1211 2383 1353 2464 fontanis
1384 2383 1471 2446 olidis
1492 2393 1519 2445 et

325 2487 440 2568 pannis
462 2485 595 2548 sordidis
619 2495 646 2548 ct
665 2485 789 2565 faetidis
812 2486 1042 2568 cataplasmatis
1064 2503 1174 2548 manus
1196 2485 1344 2548 delicatas
1367 2489 1442 2548 istas
1463 2487 1518 2548 ad-

329 2608 440 2665 urens,
473 2607 527 2650 nec
549 2590 662 2650 umoris
684 2588 847 2670 officiosam
866 2589 995 2670 faciem,
1021 2589 1075 2650 scd
1096 2587 1237 2650 medicae
1262 2598 1310 2650 est
1334 2587 1515 2651 laboriosam

325 2683 490 2774 personam
518 2693 683 2753 sustinens.
731 2689 814 2752 liber
836 2691 1035 2754 Florentinus
1064 2691 1226 2752 rarissimo
1257 2710 1400 2752 uenerem
1422 2711 1513 2753 meam

330 2805 363 2856 et
385 2794 501 2856 medicei
523 2801 559 2855 et.

416 2915 509 2978 Libro
525 2934 554 2976 rr
578 2934 647 2995 cap.
667 2913 706 2976 28
731 2915 773 2976 ita
803 2912 1005 2976 scribendum
1036 2932 1106 2976 esse
1134 2914 1269 2991 conicio,
1302 2915 1364 2976 iam
1384 2916 1512 2996 primurn

329 3019 431 3083 iubam
460 3021 549 3081 istam
578 3025 661 3078 tuam
686 3015 779 3097 probe
806 3018 990 3098 pectinatam
1021 3017 1095 3078 meis
1125 3015 1329 3099 virginalibus
1359 3017 1511 3080 monilibus

330 3121 496 3194 adornabo,
520 3118 653 3201 frontem
675 3137 747 3181 uera
763 3122 931 3201 crispatam
943 3121 1034 3200 priris
1049 3119 1198 3180 decoriter
1212 3119 1428 3182 discriminabo
1443 3139 1510 3182 cau-

327 3225 442 3305 daeque
464 3229 565 3284 saetas
586 3224 709 3284 incuria
725 3223 848 3285 lavacri
861 3230 1016 3305 coapostas
1031 3230 1059 3284 et
1071 3221 1217 3283 borridos
1233 3230 1349 3302 compta
1365 3216 1507 3309 (comam)

329 3328 486 3410 dilipentia
501 3325 649 3406 bullisque
671 3332 698 3386 te
720 3326 823 3387 acuitas
846 3326 951 3386 aureis
970 3325 1154 3388 inoculatam
1170 3325 1266 3387 aelati
1279 3325 1376 3388 stellis
1391 3326 1508 3405 ederes

328 3431 508 3492 relucentem
531 3435 558 3490 et
578 3428 703 3511 paudiis
728 3428 926 3508 popularium
952 3445 1132 3510 pomparum
1161 3435 1300 3489 ovantem
1329 3429 1401 3490 sinu
1422 3431 1506 3491 serbo

325 3539 507 3618 propestans
536 3532 657 3593 nucleos
680 3530 785 3592 edulio
808 3532 934 3592 mitiore
957 3538 984 3592 te
1006 3549 1103 3591 areum
1126 3531 1336 3610 sospitatorem
1357 3531 1503 3594 saturabo.

329 3637 412 3699 liber
434 3636 633 3696 Florentinus
663 3641 781 3715 compta
802 3633 960 3717 dilipentia
983 3632 1144 3695 monilibus
1167 3631 1327 3714 bullisque.
1373 3633 1506 3696 scriben-

328 3739 404 3812 dum
433 3757 503 3801 esse
533 3745 650 3818 compta
678 3753 792 3798 comam
822 3755 890 3798 cnm
918 3735 1074 3818 dilipcntia
1096 3737 1229 3797 coniecit
1251 3735 1503 3819 KulenknmpiuS.

327 3841 559 3924 praepositione
588 3839 745 3902 inutiliter
774 3837 907 3901 adiecta.
955 3857 1018 3900 non
1045 3839 1118 3899 novi
1141 3839 1196 3918 qui
1220 3838 1339 3900 dixerit
1361 3851 1504 3922 comptam

328 3945 524 4026 diligentiam
549 3944 599 4004 vel
616 3942 717 4002 simile
735 3941 917 4024 quidpiam:
943 3938 1113 4021 Apuleium
1131 3941 1163 4004 id
1179 3961 1242 4003 non
1257 3940 1404 4022 dedecet,
1422 3963 1504 4024 prae-

327 4049 438 4113 sertim
467 4047 501 4106 in
530 4046 581 4106 illa
611 4045 737 4107 dicendi
771 4046 879 4124 figura.
927 4042 1044 4105 deinde
1073 4043 1233 4106 neonilibus
1263 4044 1436 4107 delendum
1464 4055 1503 4105 est

328 4159 435 4230 utpote
464 4167 504 4210 ex
533 4150 580 4210 eis
610 4167 691 4228 quae
720 4157 813 4208 antea
840 4147 959 4227 scripta
982 4156 1056 4208 sunt
1079 4146 1160 4208 male
1184 4149 1376 4228 repetitum:
1410 4166 1503 4228 neque

322 4253 390 4317 nisi
418 4252 537 4318 tollitur
570 4250 717 4311 cohaeret
750 4250 858 4310 oratio.
911 4247 1050 4329 denique
1079 4248 1161 4310 liber
1189 4250 1391 4314 Florentinus
1419 4250 1504 4312 habet

326 4355 436 4422 edulio
455 4354 587 4419 mitiora.

414 4473 506 4538 Libra
522 4491 561 4536 ru
577 4491 654 4552 neap.
675 4472 712 4532 ll
736 4470 941 4534 scribendum
970 4482 1019 4534 est
1047 4473 1219 4534 convocatis
1240 4472 1370 4555 denique
1389 4475 1502 4557 pramo-
1557 4489 1561 4493 ’
