3160 5132
341 443 436 503 Srous
457 460 556 504 arms
578 461 636 504 ros
659 443 793 505 iircnsrn
815 443 961 504 emisi.
1174 431 1245 502 107

87 631 173 712 lippus
196 631 361 711 librarius,
394 630 517 712 reliquo
545 639 704 694 corrector
732 629 821 694 dedit
843 641 963 713 postea.
1010 632 1139 714 scripsit
1161 634 1246 696 enim

85 742 190 796 auctor:

217 840 337 920 stoprsc
359 857 463 901 rmus
486 857 599 901 rossus
622 837 720 901 diviso
740 839 860 922 purpitc
883 857 1012 900 rourou.

83 941 224 1004 coufirmat
254 941 456 1024 geographia.
502 939 611 1021 vides,
646 940 698 1002 vir
726 941 933 1019 amicissimo,
970 941 1094 1022 quoties
1123 943 1155 1004 in
1184 961 1248 1006 uno

84 1045 217 1107 versiculo
247 1055 411 1126 peccatum
444 1045 497 1107 sit.
544 1044 681 1126 plurima
715 1042 896 1107 huiusmodi
930 1055 1069 1106 monstra
1104 1045 1249 1107 conficiet

85 1145 163 1210 aditio
189 1157 291 1211 nostra
313 1149 448 1228 Lucani,
483 1167 578 1229 quam
607 1165 761 1210 uovorum
790 1157 938 1230 typorum
966 1147 1072 1230 inopia
1103 1147 1159 1210 diu
1182 1167 1250 1210 mo-

86 1261 137 1312 rata
156 1260 199 1313 cst
220 1261 251 1314 et
272 1249 377 1314 adhuc
400 1261 551 1313 moratur.
599 1269 656 1332 ago
678 1268 755 1311 vero
777 1268 818 1312 an
840 1260 887 1330 tu,
912 1250 968 1330 qui
991 1259 1078 1312 certo
1100 1252 1165 1312 scio
1179 1259 1250 1332 post

85 1373 124 1416 me
149 1357 301 1424 toronum
334 1353 536 1434 recensebis,
572 1371 678 1418 cascos
711 1353 781 1421 iilos
811 1363 843 1418 et
868 1355 975 1438 opicus
1009 1355 1250 1422 commentarios

85 1458 255 1539 coniungas?
277 1467 314 1522 ut
335 1459 369 1520 in
391 1458 498 1519 Flacco
520 1455 633 1522 iecisti.
681 1459 793 1542 ingens
816 1477 852 1520 oo
874 1466 964 1538 pacto
987 1455 1130 1538 prodibit
1151 1460 1251 1520 Luca-

86 1579 133 1624 nus
151 1561 267 1625 duobus
290 1561 386 1624 credo
409 1557 586 1642 grandibus
607 1562 711 1623 tomis.
758 1562 932 1625 cumcuim
948 1561 1029 1623 casei
1045 1561 1091 1623 illi
1107 1561 1251 1642 plerum-

86 1683 134 1745 que
159 1664 314 1728 rciutaudi
343 1666 493 1743 veniant,
527 1662 604 1729 inde
630 1674 779 1734 crescunt
801 1666 1019 1728 annotationes
1042 1673 1073 1726 et
1096 1664 1131 1726 fit
1153 1663 1247 1726 liber.

87 1787 130 1848 ego
148 1769 207 1831 solo
228 1769 335 1830 Grotio
356 1776 524 1830 contentus
547 1786 603 1829 ero
624 1766 666 1829 ob
688 1768 751 1830 viri
772 1785 889 1830 nomen
912 1776 944 1830 et
967 1769 1095 1844 merita3
1128 1776 1251 1830 ceteros

88 1871 240 1940 eruum.
284 1871 373 1954 valo,
397 1873 449 1937 vir
471 1870 698 1952 eruditissime,
724 1881 756 1940 et
777 1890 877 1956 pergo
898 1881 935 1939 ut
957 1871 1034 1940 tacis
1056 1891 1108 1942 mo
1130 1889 1247 1936 amare·

89 1975 282 2058 mastigiae
303 1974 406 2056 April.
424 1976 479 2038 22.
498 1974 594 2038 itus.
619 1977 690 2042 stilo
712 1983 834 2040 vetere.

152 2079 184 2144 Si
211 2079 289 2144 iorte
318 2077 465 2162 Lugduni
487 2081 675 2145 Batavorum
697 2081 856 2148 Lucanum
887 2097 994 2147 meum
1020 2079 1160 2161 propriis
1190 2079 1251 2142 im-

90 2185 174 2262 pensis
195 2182 291 2248 cdere
314 2201 477 2266 cuperem,
503 2184 586 2248 scire
609 2183 704 2248 velim
726 2203 767 2248 an
791 2182 1006 2266 typographus
1023 2181 1110 2264 apud
1125 2201 1181 2245 vos
1196 2183 1249 2262 sit,

89 2288 128 2368 qui
147 2287 254 2356 iisdem
275 2285 372 2370 typis,
398 2283 517 2366 quibus
532 2287 677 2355 Horatius
693 2285 914 2370 cantabrigiae
937 2294 987 2348 cst
1010 2284 1126 2368 editus,
1151 2288 1251 2354 Luca-

89 2407 147 2452 num
166 2391 259 2474 possit
282 2387 461 2472 excudere,
487 2399 677 2473 cautumque
700 2409 770 2460 osse
793 2391 892 2472 possit
914 2407 955 2450 ne
977 2388 1059 2457 alius
1081 2389 1250 2472 quisquam

90 2492 113 2552 iu
131 2493 246 2562 Batavis
270 2489 416 2560 excudat.
