3156 5132
322 318 395 391 324
715 335 758 394 Es
781 352 875 396 uanus
898 336 1108 397 Bsnoutusust.

320 518 353 587 τὸ
383 517 434 586 aul
462 514 543 609 ὕδωρ
574 517 716 595 πολλάκις
743 515 926 609 ἀναρπάσαι.
972 524 1100 587 καλοῦσι
1121 519 1155 586 δὲ
1178 516 1271 606 αὐτὴν
1293 517 1346 584 καὶ
1366 516 1484 606 οὐρανίαν

322 627 465 712 ἰδιωτικῷ
493 620 627 709 ὀνόματι.
673 621 775 712 τυφὼν
802 623 835 689 δὲ
857 624 994 690 καλεῖται
1015 621 1067 689 διὰ
1088 627 1141 689 τοῦ
1162 618 1274 711 τάχους
1295 627 1348 689 τοῖν
1368 622 1485 707 medun-

320 754 380 802 τος.
428 725 479 794 διὰ
505 724 563 816 γὰρ
591 733 678 793 τοῦτο
708 725 759 793 καὶ
781 723 797 793 ὃ
818 723 945 814 ποιητής
974 753 1049 814 φησι
1077 724 1128 792 καὶ
1156 723 1208 800 τὰς
1238 723 1350 800 ἀέλλας
1377 723 1423 791 nal
1444 723 1486 798 τὰς
1561 769 1562 774 1

321 828 489 920 συστροφὰς
518 835 577 897 τῶν
599 827 786 918 πνευμάτων.
834 842 958 914 poetam
981 833 1058 895 dicit
1080 832 1251 896 Hesiodum
1275 835 1309 894 in
1331 833 1486 911 'theogonia
1560 865 1561 898 3

279 952 306 998 st
324 957 352 998 ν.
377 938 490 999 86985.
523 936 564 998 de
592 923 744 1018 Typhoeo¹
773 946 966 998 narrantem.
1014 935 1072 998 sed
1099 956 1141 998 ne
1169 956 1186 998 a
1216 937 1354 1017 typhone
1376 933 1486 1015 quidem
1560 957 1561 970 ι

322 1043 426 1122 ignem
450 1039 563 1102 abesse
587 1041 756 1103 multorum
781 1038 878 1102 luisse
902 1049 1023 1102 constat
1044 1040 1237 1120 opinionem.

407 1145 456 1204 lV.
482 1145 525 1205 De
549 1144 658 1206 Palicis
681 1145 755 1205 olim
776 1136 944 1206 Cluverius
966 1144 998 1204 in
1015 1144 1120 1205 Sicilia
1143 1143 1285 1224 antiqua,
1312 1150 1412 1204 nostra
1433 1161 1489 1202 me-
1569 1171 1570 1186 ι

322 1248 419 1309 moria
443 1249 641 1310 llermannus
664 1247 695 1307 in
720 1247 982 1309 commentatione
1006 1245 1046 1309 de
1068 1245 1214 1328 Aeschyli
1234 1244 1392 1322 Aetnaeis,
1416 1245 1487 1304 Prel·
1569 1275 1570 1304 ς

321 1351 408 1413 lerus
437 1351 470 1411 in
494 1351 668 1412 Polemonis
697 1350 858 1430 reliquiis,
892 1349 1147 1412 Schneidevinus
1171 1351 1202 1412 in
1226 1369 1334 1412 museo
1356 1348 1489 1408 Rhenanc

320 1455 396 1514 anni
429 1473 582 1515 uncccxnr
611 1452 736 1516 erudite
772 1453 989 1534 disputarunt.
1035 1453 1186 1533 fugerunt
1216 1471 1269 1514 eos
1299 1469 1380 1532 quae
1408 1450 1490 1513 lulius
1569 1484 1570 1490 κ

320 1557 473 1618 Firmicus
495 1558 655 1618 Maternus
682 1557 713 1617 in
739 1557 933 1638 praefatione
956 1554 1030 1616 libri
1052 1557 1226 1618 lllatbeseos
1249 1557 1344 1636 primi
1366 1555 1487 1634 scripsit.

321 1679 356 1721 ea
384 1658 524 1748 adieram
549 1669 582 1721 ut
605 1659 717 1738 simul,
749 1661 775 1720 si
801 1661 929 1740 possim,
955 1659 1133 1722 emendem.
1180 1659 1234 1722 sed
1252 1666 1442 1740 posteaquam
1461 1657 1490 1718 de

321 1761 437 1824 actibus
467 1769 495 1824 et
520 1761 714 1844 processibus
742 1763 855 1824 nastris
882 1761 1070 1843 consobutati
1089 1781 1212 1840 sumus,
1243 1769 1397 1825 scrutatus
1417 1781 1435 1821 a
1454 1777 1490 1819 me
1561 1747 1562 1752 ¹

321 1884 364 1945 es,
389 1867 467 1928 sicut
488 1867 660 1942 meministi,
686 1868 775 1928 totius
791 1868 915 1928 Siciliae
937 1857 1027 1948 auam
1049 1866 1144 1928 incolo
1159 1867 1249 1928 sitnm
1264 1874 1293 1928 et
1307 1865 1387 1927 unde
1400 1865 1491 1926 anan-

320 1970 379 2031 dus
407 1989 476 2032 sum
510 1966 726 2050 (scribendum
756 1979 832 2050 puto
861 1989 952 2052 meam
982 1971 1076 2032 incolo
1104 1977 1133 2032 et
1160 1969 1240 2031 unde
1268 1969 1417 2032 mundus
1435 1985 1490 2028 sun
1569 2005 1570 2010 κ

320 2072 420 2155 situm)
456 2080 484 2134 ct
512 2074 614 2134 amnia
641 2091 718 2155 auae
745 2081 860 2136 veterm
880 2072 1005 2154 fabulae
1023 2073 1228 2154 prodiderunt
1249 2091 1318 2135 cum
1339 2090 1427 2134 verae
1447 2090 1490 2130 ra-

321 2177 411 2238 tionis
439 2177 641 2258 empticatione
668 2179 832 2258 quaesisti;
861 2177 933 2259 quid
963 2177 1035 2262 vetit
1062 2194 1104 2238 eae
1129 2195 1162 2238 se
1183 2169 1405 2262 (scribendum
1425 2167 1491 2256 eoae>

323 2280 426 2360 Scylla
448 2279 557 2361 quidve
574 2279 752 2360 Charybdis,
778 2280 851 2362 quid
872 2281 1117 2342 concernentium
1139 2283 1171 2341 in
1183 2279 1268 2362 frete
1280 2279 1424 2360 finanum
1437 2284 1491 2338 tar-
1569 2343 1570 2352 χ

321 2382 442 2444 bulento
465 2381 614 2464 confusio,
640 2401 713 2464 qum
735 2383 888 2445 disiuncta
909 2402 947 2444 ac
969 2391 1115 2464 separata
1136 2385 1239 2445 maria
1260 2390 1340 2444 certo
1362 2381 1491 2443 berorum
1569 2423 1570 2428 ι

321 2493 451 2567 tempore
480 2505 517 2548 ac
546 2487 644 2568 spatia
674 2488 833 2549 contraria
854 2487 1009 2548 undarum
1031 2485 1183 2550 collisione
1205 2488 1407 2568 caniunpant;
1434 2481 1492 2566 aaut

317 2588 438 2670 fouent
460 2591 544 2673 tanes
565 2591 619 2672 qui
639 2609 682 2652 eac
703 2587 817 2652 Aetnae
840 2592 949 2652 verti'ce
971 2596 1145 2671 erumpunt,
1170 2608 1247 2672 quae
1268 2598 1385 2652 natura
1406 2605 1492 2650 mrum

270 2729 272 2735 ·
321 2711 435 2774 quaeue
462 2692 651 2769 substantia,
684 2712 726 2754 ece
747 2711 808 2775 quo
829 2694 945 2776 criptae
966 2693 1032 2755 sine
1054 2695 1176 2756 iactura
1197 2695 1307 2756 montis
1330 2701 1414 2755 tanta
1431 2709 1492 2772 pro

319 2798 497 2877 ficiscuntur
521 2804 548 2858 et
570 2797 710 2858 anbetent
731 2796 891 2872 incendia;
915 2798 1016 2878 qualis
1038 2799 1079 2859 sit
1100 2797 1186 2859 lacus
1208 2798 1261 2878 quai
1277 2815 1375 2878 prope
1389 2796 1491 2857 maan

322 2899 476 2980 Symaetbi
496 2901 597 2962 amnis
619 2898 798 2976 ostenditur,
830 2901 882 2962 cui
905 2901 1041 2963 Patiscus
1068 2897 1138 2982 (scr.
1167 2898 1297 2981 Petimus)
1324 2917 1428 2960 nomen
1447 2901 1489 2966 est,

321 3005 374 3083 qui
394 3021 512 3084 semper
534 3002 740 3064 crassitudine
762 3001 867 3064 timida
887 3003 1030 3066 sordidus
1045 3002 1205 3066 liventibus
1220 3005 1338 3085 spumis
1353 2999 1492 3064 obatrescit

321 3113 349 3166 et
378 3112 528 3185 strepente
557 3107 692 3187 cantapia
721 3106 871 3168 stridulus
903 3114 1047 3188 armatum
1069 3125 1211 3168 marmur
1233 3100 1372 3168 eoeibitat.
1417 3099 1491 3164 nihili
1569 3151 1570 3176 ς

321 3227 390 3270 esse
414 3217 502 3288 patet
523 3209 670 3290 cantapia,
695 3209 746 3270 cui
762 3209 964 3272 Prucknerus
979 3210 1048 3271 vitii
1069 3218 1174 3272 notam
1190 3208 1356 3290 adposuit:
1381 3205 1491 3269 videtur
1569 3241 1570 3286 p

320 3321 425 3374 autem
457 3311 534 3372 mihi
556 3311 709 3373 Firmicus
738 3312 904 3392 scripsisse
932 3313 1086 3396 condicio,
1118 3332 1180 3393 quo
1208 3311 1361 3375 vocabulo
1382 3310 1490 3376 solinus

321 3415 422 3478 utitur
437 3433 506 3494 cap.
522 3416 540 3474 9
555 3416 585 3493 9,
600 3433 672 3477 nam
688 3416 721 3476 in
736 3415 893 3478 latebrosis
909 3417 1034 3496 rupium
1048 3416 1258 3479 conaminibus
1273 3415 1489 3498 panetiarium

320 3517 467 3600 constipiis
490 3524 560 3579 tunc
582 3517 677 3580 adesa
700 3525 771 3580 sunt
793 3518 938 3580 reductae
957 3519 1179 3600 conchyliorum
1200 3519 1389 3582 resederunt.
1424 3511 1490 3578 addo

320 3620 360 3683 de
384 3620 454 3682 lacu
478 3630 509 3680 et
532 3619 672 3682 fontibus
696 3621 868 3683 Palicorum
893 3623 1108 3685 memorabilia
1131 3642 1194 3684 non
1218 3622 1306 3684 nulla
1329 3617 1490 3684 haberetn-

320 3724 455 3804 sephum
476 3723 695 3805 Allegranzam
726 3725 759 3784 in
787 3723 1000 3806 disputatione
1023 3725 1063 3788 de
1087 3726 1197 3788 Palicis
1226 3723 1379 3807 (Opuscati
1397 3717 1492 3786 eruditi

321 3829 414 3890 latini
426 3827 462 3889 ed
478 3827 600 3889 italiani
614 3827 663 3890 det
673 3847 707 3909 p.
726 3847 766 3888 m.
787 3830 936 3910 Giuseppe
951 3827 1150 3912 Attepranza‚
1171 3831 1321 3890 Cremona
1332 3821 1485 3900 succensi)

319 3951 352 4012 p.
372 3932 486 3993 stass.
512 3941 735 3993 commemorat
759 3934 785 3993 is
807 3951 839 4012 p.
859 3933 921 3994 206
944 3953 981 3995 ea
997 3951 1078 4013 quae
1094 3933 1256 3995 Boccatius
1272 3933 1305 3994 in
1322 3925 1487 4004 Genealogie

321 4034 492 4096 deorumn
511 4033 548 4094 lb
573 4032 613 4096 de
636 4034 706 4096 lacu
728 4054 786 4096 seu
809 4034 948 4099 lontibus
971 4036 1144 4098 Palicorum
1166 4045 1296 4099 auctore
1319 4029 1489 4096 Theodontib

321 4137 455 4200 rettulit.
503 4137 718 4210 ¹Theodontius
749 4140 807 4200 iste
831 4141 979 4202 Leontius
1008 4149 1056 4200 est
1083 4139 1174 4202 cuius
1197 4138 1314 4201 librum
1339 4135 1442 4198 Badius
1461 4132 1486 4190 in

321 4240 556 4323 Mythographis
579 4239 691 4302 edidit.

408 4345 444 4405 V.
475 4342 571 4424 Apud
600 4346 639 4404 ll.
666 4343 831 4406 Claudium
856 4344 1057 4407 Sacerdotem
1082 4343 1205 4406 Artium
1237 4343 1485 4427 grammaticarum

321 4447 407 4513 ttb3
432 4466 545 4512 versus
568 4447 666 4510 latent
688 4448 751 4510 duo
775 4449 939 4528 ioculares,
965 4467 1027 4510 non
1050 4449 1128 4513 certi
1152 4448 1286 4512 alicuius
1306 4455 1419 4532 poetae
1439 4435 1484 4500 scd
1569 4443 1570 4468 ¹

1569 4537 1570 4570 l
