3156 5132
1566 87 1572 387 i

330 437 406 509 332
732 451 774 512 Ex
798 471 892 514 uenus
919 445 1122 514 baroniarum.
1560 500 1568 676 Ι

328 635 582 713 ἑίίνιιιόνὙλλεός
604 636 655 705 καί
677 633 949 724 λιηλοιιόνὛλληίς,
977 633 1017 712 d<
1034 634 1121 711 αότός
1144 663 1229 724 φησι,
1255 634 1306 702 καί
1325 634 1405 724 παρὰ
1420 635 1491 702 Κολ-
1562 678 1566 696 .

328 739 451 831 λιμοίχφ
472 738 592 824 Ὑλλίς,
625 739 685 808 ἀπὸ
707 739 846 814 Ὑλλίδος
873 736 1022 828 Ἀργείας,
1059 746 1127 826 μιᾶς
1150 745 1208 806 τῶν
1231 745 1367 827 νυμφῶν.
1411 734 1492 825 idai

319 840 434 912 Ὕλλον
455 851 507 911 τοῦ
523 842 710 933 Ἡρακλέους
732 841 783 910 καὶ
805 843 995 930 Δηιανείρας.
1042 842 1106 908 ἔστι
1128 838 1157 907 δ’
1183 839 1222 916 ὡς
1245 843 1354 918 Φῶκος
1375 840 1491 932 (baum,

327 947 438 1023 Αἴολος
461 944 605 1029 Αίολεός,
638 942 732 1022 οὕτως
746 943 856 1021 Ὕλλος
873 942 1008 1021 Ὑλλεός.
1052 943 1275 1035 Ἀπολλόδωρος
1290 942 1417 1020 Ὕλλσυς
1435 943 1494 1012 ποό-

326 1077 393 1126 τοος
415 1049 537 1140 γράφει,
560 1054 656 1138 λέγων
679 1053 710 1116 ἐν
733 1057 776 1140 τῷ
797 1049 865 1139 περί
886 1054 942 1136 γῆς
965 1051 1096 1138 δευτέρῳ
1121 1045 1225 1138 ιιὑπὲρ
1249 1050 1283 1115 δὲ
1303 1047 1372 1124 τοός
1386 1044 1494 1122 'lucc

327 1155 467 1243 Λιβυρνοί
500 1155 554 1221 καί
586 1179 661 1229 τινες
688 1147 797 1241 Ἴστροι
831 1150 988 1240 λεγόμενοι
1020 1153 1168 1240 Θρᾷκες.”
1220 1153 1271 1220 καὶ
1305 1151 1338 1220 τό
1368 1149 1491 1240 θηλυκόν,

329 1255 456 1332 “Ὑλλίς
490 1255 646 1346 πρόκειται
681 1253 863 1345 χερρόνησος
898 1253 987 1342 ἡλίκη
1019 1254 1160 1322 Μάλιστα
1196 1253 1435 1344 Πελοπόννησος,
1461 1251 1493 1328 ὥς

326 1387 401 1450 φασι
426 1413 433 1428 .
454 1412 461 1427 .
483 1411 490 1426 .
512 1411 519 1426 .
543 1361 757 1427 πεντεκαίδεκα
787 1355 896 1434 Πόλεις
924 1359 1039 1448 ἔχουσα
1068 1362 1273 1446 παμμεγέθεις
1304 1363 1492 1448 οίιιοορένας.”
1563 1449 1564 1452 ¹

325 1467 366 1530 ab
381 1466 544 1549 Apollonio
561 1459 816 1549 λλλιοιίίοὙλλῆες
832 1476 1116 1528 oomnremorantur
1130 1466 1206 1548 Arg.
1225 1468 1378 1529 1r522ss.
1413 1465 1492 1547 Apol-
1560 1452 1564 1461 ¹

326 1570 425 1633 lodori
448 1569 597 1632 versibus
619 1589 696 1632 usus
718 1578 766 1631 est
782 1571 936 1650 Scymnus
961 1588 990 1629 v.
1010 1569 1123 1630 stass.
1158 1563 1302 1633 Ὑλλείονν
1325 1563 1421 1656 χθόνα
1433 1571 1493 1630 Die
1560 1601 1565 1657 ff

325 1674 435 1756 nysius
451 1674 571 1754 perieg.
598 1693 628 1734 v.
648 1675 709 1734 386
726 1682 889 1735 memorat.
912 1673 1078 1755 peninsula
1093 1673 1202 1754 Hyllis,
1228 1675 1359 1736 eireudu
1375 1693 1437 1736 em.
1451 1692 1489 1754 p,

323 1777 410 1857 apud
439 1777 574 1838 Plinium
604 1787 651 1838 est
680 1778 748 1838 Nat.
774 1775 847 1838 hist.
867 1795 900 1836 ιιι
923 1775 1029 1858 §tit
1065 1775 1149 1838 idem
1179 1795 1294 1838 nomen
1323 1776 1407 1859 apud
1434 1777 1494 1838 Pru

324 1881 464 1960 pestium
480 1898 490 1940 ι
506 1881 525 1939 8
542 1882 582 1940 26
607 1880 730 1941 restitui
761 1888 847 1940 certa
877 1878 1116 1956 emendatione,
1148 1897 1231 1959 quae
1259 1899 1323 1941 non
1354 1900 1419 1942 mea
1444 1889 1491 1956 est,

324 1981 380 2045 sed
404 1983 606 2060 Lachmanni,
631 1991 659 2044 et
681 1983 781 2044 dicam
806 1983 888 2044 ‘lieet
910 1979 1049 2044 Autariis
1072 1983 1210 2046 considat
1231 1984 1263 2044 in
1285 1987 1360 2060 aris,
1385 1986 1420 2046 Et
1439 1984 1492 2044 lieet

323 2086 438 2167 Hylleis
447 2105 456 2161 ;
482 2086 537 2148 illa
555 2085 666 2168 sutura
679 2085 796 2147 meast)
838 2084 895 2147 sed
917 2086 1063 2150 Volscates
1080 2086 1148 2148 illas
1164 2086 1197 2148 in
1213 2085 1330 2148 scholio
1347 2107 1405 2150 non
1421 2087 1490 2160 novi,

324 2207 429 2270 neque
454 2189 553 2268 magis
577 2191 648 2250 novi
672 2189 820 2269 Eaeciptas
842 2199 896 2250 aut
919 2208 1034 2250 nornen
1057 2208 1185 2268 eorunr,
1217 2189 1303 2268 quod
1327 2201 1491 2272 corruptum

324 2311 394 2354 esse
418 2292 555 2372 videtur,
581 2291 751 2354 emendare
776 2311 919 2372 possum:
948 2301 1032 2354 reete
1055 2302 1160 2354 autem
1182 2293 1214 2353 in
1231 2292 1386 2355 eiusmodi
1403 2311 1491 2354 rerum

324 2394 610 2476 vocabulorumque
626 2393 817 2457 obscuritate
832 2413 850 2456 a
865 2396 1044 2458 coniectura
1060 2394 1292 2459 abstinebimus
1303 2394 1404 2458 donec
1417 2395 1493 2458 seho-

323 2497 364 2560 lia
394 2498 446 2560 illa
477 2518 547 2561 eum
577 2499 718 2578 antiquis
745 2497 837 2560 libris
867 2497 1017 2561 adcurate
1040 2499 1163 2560 conlata
1186 2508 1291 2562 erunt.
1339 2497 1493 2561 Amazones

324 2620 399 2664 vero
430 2603 462 2664 in
489 2603 612 2684 Illyrica
643 2602 771 2682 regione
801 2603 955 2664 conlocari
986 2621 1048 2663 non
1078 2601 1246 2665 admodum
1278 2604 1387 2664 miror.
1435 2601 1492 2662 nole

323 2707 493 2786 quiequam
515 2705 722 2786 pronuntiare
745 2705 785 2768 de
810 2724 846 2767 eo
869 2705 955 2786 quod
974 2705 1093 2766 Plinius
1116 2703 1210 2788 §lli
1235 2716 1357 2784 narrat,
1382 2705 1418 2767 ab
1432 2705 1492 2784 Epi·

322 2810 421 2872 dauro
443 2817 514 2872 sunt
536 2803 653 2890 oppida
669 2810 780 2870 civium
803 2811 1006 2870 Romanorum
1028 2808 1202 2870 Rbizim'um
1225 2806 1392 2871 Aeruvium
1408 2811 1491 2870 Βιιιιιο

324 2914 490 2991 Olcinium,
522 2911 600 2993 meod
628 2920 718 2974 autea
742 2911 927 2974 Colchinium
956 2911 1067 2973 dictum
1090 2919 1134 2974 est
1155 2933 1175 2974 a
1199 2912 1315 2975 Colchis
1338 2912 1490 2974 conditum:

322 3035 514 3097 quamquam
545 3016 577 3076 in
608 3025 746 3076 mentem
775 3033 851 3076 sane
883 3016 1016 3078 veniunt
1039 3010 1190 3100 Κολχίδος
1215 3017 1271 3099 γᾶς
1293 3013 1404 3079 ἔνοικοι
1422 3033 1490 3096 παρ-

321 3117 424 3195 θένοι,
455 3115 557 3204 ροίχας
587 3108 733 3202 ἄτρεστοι.
779 3119 868 3179 venit
898 3129 1003 3180 autern
1026 3119 1058 3180 in
1082 3129 1220 3182 mentem
1244 3121 1339 3182 etiam
1362 3116 1491 3199 turpissi-

322 3241 408 3284 mum
431 3221 582 3284 mendum
605 3223 638 3282 in
661 3219 787 3282 scholiis
803 3221 835 3282 in
853 3221 1047 3283 Clementem
1063 3221 1315 3286 Alexandrinum
1338 3244 1370 3304 p.
1391 3221 1443 3281 lli
1459 3218 1485 3278 tl

323 3326 385 3396 nt,
411 3321 496 3408 [450
512 3327 553 3386 ll)
575 3321 693 3406 Dina]
711 3317 889 3406 Ἀμαζόνες·
921 3321 1009 3395 ἔθνος
1033 3319 1180 3388 Σκυθικόν
1210 3315 1346 3410 όνδρεῖον
1375 3319 1422 3388 καὶ
1441 3316 1489 3384 όν-

279 3429 431 3513 ινδρῶδες
453 3424 504 3491 καί
528 3420 687 3513 πρόσοικον
709 3427 770 3498 τοῖς
794 3421 934 3504 Κοίλοις,
964 3427 1021 3489 ubi
1044 3422 1178 3515 Κόλχοις
1200 3415 1411 3492 scriben'dum
1431 3443 1488 3488 esse

320 3541 418 3612 patet.
468 3550 577 3594 verum
600 3540 636 3593 ut
657 3531 735 3592 haee
758 3532 852 3592 missa
877 3530 999 3611 laeiam,
1025 3533 1159 3595 ulterius
1179 3533 1275 3595 etiam
1291 3532 1413 3596 fabulae
1426 3547 1488 3610 pro-
1568 3581 1569 3624 t

321 3645 488 3696 moverunt
516 3635 698 3696 memoriam
728 3632 931 3696 Amazonum.
979 3653 1050 3696 nam
1080 3655 1152 3699 eum
1182 3637 1329 3699 Horatius
1355 3637 1448 3698 (λοισι.
1463 3647 1487 3690 u
1568 3633 1569 3650 ¹

321 3740 337 3801 l
359 3739 396 3800 l'l
421 3739 499 3800 haee
520 3737 615 3818 dicat,
641 3738 744 3799 uidere
759 3739 860 3799 Raetis
883 3737 961 3800 bella
983 3738 1038 3800 sub
1060 3737 1187 3821 Alpibus
1203 3743 1341 3802 Drusum
1355 3743 1486 3823 perculta
1568 3753 1569 3759 ’

326 3842 485 3904 Vindelici:
515 3840 622 3922 quibus
645 3844 710 3904 Mes
732 3841 813 3902 unde
836 3841 980 3904 deductus
999 3861 1057 3924 per
1079 3861 1164 3904 omne
1189 3845 1317 3924 Tempus
1339 3837 1487 3904 Amazonia

319 3948 422 4007 securi
441 3947 579 4008 Demeas
601 3943 736 4006 obarmet
755 3961 904 4025 quaerere
925 3943 1046 4024 distuli,
1071 3947 1132 4007 Nec
1153 3947 1233 4008 scire
1251 3946 1305 4028 fas
1327 3943 1484 4008 atcania.

320 4048 478 4111 immerito
500 4058 627 4110 veteres
650 4047 844 4128 grammatici
866 4066 883 4107 a
908 4049 1134 4110 recentissimis
1156 4049 1390 4130 vituperentur.
1426 4047 1486 4105 ror·
1567 4105 1568 4110 ,

318 4151 484 4232 phyrionis
514 4151 572 4212 hac
602 4161 650 4212 est
679 4149 836 4229 scholion,
868 4149 901 4211 ln·
927 4151 1070 4214 Vindelici
1097 4151 1218 4214 sedibus
1241 4153 1280 4216 ab
1303 4145 1485 4214 Amazonibus

319 4256 404 4340 eiecti
424 4263 452 4316 et
473 4273 516 4316 ece
541 4253 670 4316 Thracia
693 4256 724 4316 in
747 4253 875 4316 amilium
898 4273 930 4316 se
952 4255 1113 4317 contulisse
1136 4250 1315 4337 Alpiumque
1337 4257 1398 4317 loca
1417 4253 1484 4311 mse-

319 4359 400 4419 disse
429 4358 573 4420 duuntur
600 4366 627 4419 et
657 4357 735 4439 peed
753 4357 963 4439 potentissima
985 4359 1015 4418 in
1038 4377 1070 4420 se
1092 4359 1151 4420 tela
1173 4377 1295 4445 secures
1317 4357 1482 4420 nmmum

290 4531 292 4536 ,
319 4463 441 4541 emperti
457 4461 590 4542 fuissent
612 4466 692 4542 ipsus
714 4478 827 4541 queque
846 4479 935 4521 usum
952 4479 1060 4526 aarum
1073 4464 1105 4524 in
1121 4463 1195 4526 bella
1210 4465 1368 4544 accepisse.
1404 4457 1483 4518 aliter

318 4565 451 4626 Servius
474 4565 506 4626 in
530 4565 609 4628 Aen.
630 4583 637 4624 ι
656 4567 729 4643 243,
755 4571 856 4626 tuliis:
882 4563 945 4625 idea
968 4572 1049 4627 tunes
1072 4567 1145 4646 quia
1167 4567 1254 4628 Raeti
1281 4564 1413 4628 Vindelici
1430 4555 1482 4638 ipsi
