3252 5130
578 439 795 502 Gomncrtmt.
1206 425 1281 498 595

97 631 242 710 Stephani
266 627 353 692 haud
374 629 481 710 paullo
503 631 683 710 antiquius:
710 627 927 711 Athenagoras
950 630 1037 690 enim
1061 629 1093 689 in
1117 631 1286 709 legatione

96 753 121 794 o.
146 735 181 794 at
209 754 242 815 p.
270 732 451 794 lethech.
477 732 555 794 haec
578 734 715 814 scripsit,
741 727 776 796 οό
798 728 856 818 γὰρ
879 726 1010 807 κωλύει,
1041 725 1120 795 κατὰ
1140 726 1191 796 τόν
1214 727 1285 796 llu-

95 830 225 920 θαγόραν
248 832 300 898 καλ
322 829 372 898 τόν
395 828 564 912 Πλάτωνα,
592 834 755 919 γενομένης
776 837 829 920 τῆς
852 829 1019 907 διαλόαεοις
1041 837 1101 898 τῶν
1123 828 1286 920 σωμάτων,

94 930 185 1010 ἐξιόν
206 932 260 1022 τήν
285 933 382 1024 ἀρχὴν
405 936 531 1022 συνέστη
555 932 613 1002 ἀπὸ
635 942 695 1002 τῶν
719 934 816 1003 αὐτῶν
840 933 917 1003 αότό
939 935 992 1002 καὶ
1013 933 1102 1004 πόλιν
1126 940 1284 1023 συστῆναι.

179 1043 255 1104 ClX.
303 1043 338 1104 ln
365 1039 488 1104 Avibus
514 1041 734 1124 Aristophanis
762 1063 794 1104 ν.
821 1043 861 1105 52
886 1043 964 1104 haec
993 1042 1071 1106 dicit
1099 1042 1282 1124 EuelpideS,

97 1139 168 1209 κοόκ
190 1140 257 1208 ἔσθ’
282 1137 363 1216 όποις
386 1139 441 1208 οὐκ
462 1141 542 1208 ἔστιν
572 1139 695 1210 ἐνταῦθ’
723 1137 823 1232 όρνεα.
871 1140 1029 1228 Εἰσόμεθα
1059 1139 1088 1207 δ’
1124 1139 1220 1208 αὐτίκ’
1247 1137 1287 1229 ἢν

94 1243 263 1333 ποιήσωμεν
287 1243 394 1334 ψόφον.
442 1259 510 1311 tum
527 1249 725 1312 Pitheteerus
749 1243 819 1314 ἀλλ’
846 1243 926 1314 οἶσθ’
950 1239 970 1313 ό
994 1250 1118 1334 δρᾶσονς
1144 1252 1187 1334 τῷ
1210 1247 1286 1312 σκέ-

96 1355 141 1415 λει
161 1351 233 1416 θένε
255 1346 309 1436 τὴν
330 1351 453 1436 πέτραν.
500 1353 532 1412 in
555 1352 684 1414 scholiis
705 1351 831 1416 Aldinis
863 1351 896 1414 id
920 1354 962 1414 ita
985 1353 1181 1434 explicatur,
1213 1346 1288 1437 πρός

95 1449 144 1538 τήν
166 1457 227 1519 τῶν
249 1453 365 1518 παίδων
389 1447 551 1537 συνήθειαν
566 1458 652 1518 τοῦτο
667 1455 760 1540 λέγει.
802 1451 875 1542 φαοὶ
889 1449 947 1540 γὰρ
964 1453 1074 1518 ἐκεῖνον
1094 1447 1167 1540 πρὸς
1183 1448 1286 1540 ἀλλή-

95 1561 162 1630 λους
187 1556 299 1630 ἰδόντες
321 1549 413 1642 όρνεα
436 1551 507 1628 “eh
529 1552 563 1620 τὸ
586 1555 690 1629 σκέλος
713 1562 749 1644 τῇ
772 1559 888 1642 πέτρα,
915 1553 966 1620 καὶ
988 1561 1149 1621 πεσοῦνται
1169 1553 1206 1621 τὰ
1229 1549 1288 1642 όρ-

95 1662 182 1725 νεα.”
227 1681 290 1723 non
320 1661 437 1724 absona
467 1661 598 1723 fortasse
631 1661 777 1724 videatur
811 1661 979 1743 explicatio
1009 1661 1190 1742 puerilique
1220 1662 1289 1725 ioco

96 1764 248 1826 dicuntur
269 1766 367 1826 multa
390 1764 516 1825 similia.
563 1763 663 1825 veluti
686 1765 872 1845 pervulgata
895 1783 956 1845 per
978 1763 1178 1826 Germaniam
1201 1764 1289 1827 ludi-

96 1867 239 1930 ficatione
267 1866 394 1949 pueruli
423 1875 459 1928 ut
487 1884 649 1947 passerem
673 1869 798 1948 capiant
828 1866 948 1929 caudae
975 1868 1073 1929 salem
1103 1868 1289 1949 inspergere

96 1970 257 2032 iubentur.
304 1969 362 2032 sed
384 1979 491 2032 tamen
514 1988 576 2030 non
592 1968 686 2032 credo
701 1967 903 2051 Aristophani
920 1958 1048 2033 dictum¹
1069 1969 1148 2033 illud
1163 1971 1288 2052 puerile
1299 1981 1348 2029 tat

96 2073 298 2136 obversatum
321 2092 402 2136 esse.
449 2091 524 2134 nam
545 2083 583 2134 ut
606 2073 829 2155 intellegamus
845 2073 1014 2136 Pithetaeri
1032 2072 1132 2136 verba
1149 2075 1225 2136 satis
1241 2085 1290 2138 est

96 2181 121 2238 si
145 2179 333 2258 'reputamus
355 2185 483 2238 veteres
505 2174 692 2256 frequenter
707 2177 791 2258 pede
814 2177 897 2239 iores
912 2177 1072 2257 pulsasse:
1099 2176 1186 2239 unde
1203 2177 1288 2240 idem

97 2279 234 2361 Apollini
258 2279 477 2359 Callimachus,
503 2280 650 2342 Horatius
672 2282 761 2342 llorti
784 2279 979 2344 tribuerunt.
1025 2282 1051 2342 si
1075 2289 1180 2342 autem
1197 2279 1291 2344 obse-

98 2393 255 2463 queretur
278 2383 457 2444 Pithetaero
480 2382 664 2462 Euelpides,
689 2401 763 2445 crus
786 2385 855 2446 eius
878 2377 1011 2445 doleret.
1059 2384 1133 2446 hinc
1157 2403 1292 2465 respon-

99 2486 152 2548 det
175 2480 214 2549 οὐ
237 2483 270 2549 δὲ
291 2487 328 2570 τῇ
351 2485 471 2570 κεφαλῇ
493 2479 541 2568 γ’,
565 2477 606 2547 ἵν’
631 2476 855 2570 ἦδιτλοὶοιοςό
878 2479 985 2571 ψόφος.
1025 2488 1076 2548 cui
1093 2486 1293 2550 Pithetaerus

100 2583 135 2650 οὐ
158 2583 188 2652 δ’
217 2579 269 2652 οὖν
291 2587 371 2673 λίθῳ
398 2581 491 2673 κόψον
514 2582 628 2672 λαβιόν.
675 2597 743 2651 tum
765 2588 937 2671 Euelpides
967 2589 1045 2651 dicit
1071 2582 1150 2652 πανό
1178 2583 1233 2672 γ’,
1265 2588 1292 2653 εἰ

99 2691 192 2769 δοκεῖ,
219 2701 251 2754 et
273 2693 363 2772 quasi
386 2699 460 2752 ante
483 2689 567 2752 fores
589 2690 712 2771 aliquas
733 2689 838 2753 adstet
860 2690 972 2754 clamat
994 2689 1103 2753 παπαῖ.
1150 2691 1291 2754 scholion

98 2814 172 2857 vero
196 2794 278 2857 illud
299 2813 362 2856 non
385 2794 502 2874 legitur
524 2796 557 2854 in
580 2795 707 2875 scriptis
729 2793 985 2874 exemplaribus,
1016 2803 1101 2856 certe
1124 2803 1233 2856 carent
1255 2814 1292 2857 eo

97 2898 170 2960 lihri
194 2899 362 2960 Ravennae
384 2907 416 2960 et
436 2898 587 2976 Venetus,
613 2906 648 2959 ut
670 2899 829 2959 novicium
854 2917 923 2960 esse
939 2915 1002 2958 non
1022 2899 1122 2977 possit
1137 2896 1289 2976 dubitari,

97 3001 247 3065 videatur
269 3010 376 3063 autem
398 2999 542 3063 additum
566 2993 635 3062 esse
651 3019 669 3062 a
685 3001 821 3063 Musuro.
870 2999 989 3062 accedit
1010 2999 1095 3080 quod
1116 3019 1292 3081 puerorum

98 3107 213 3166 naenia
237 3105 376 3184 speciem
399 3101 496 3165 hahet
518 3121 672 3165 versuum
694 3104 891 3165 noviciorum
915 3101 1062 3183 duorum,

484 3199 535 3277 δός
557 3201 590 3270 τό
613 3205 718 3278 σκέλος
740 3207 777 3291 τῇ
800 3205 907 3290 πέτρφ,

483 3305 535 3370 καὶ
557 3312 717 3374 πεσοῦνται
738 3301 865 3394 τῶρνεα.

100 3413 265 3494 neglectus
288 3414 373 3474 enim
397 3415 430 3474 in
452 3411 547 3497 πέτρφ
562 3421 710 3475 accentus
725 3432 788 3475 non
803 3412 933 3476 videtur
950 3411 1107 3494 impedire
1122 3415 1293 3494 quominus

101 3526 253 3596 putamus
276 3514 332 3575 hos
355 3535 425 3578 esse
447 3534 572 3578 versus

187 3615 237 3680 Ad
259 3637 291 3678 ν.
319 3619 398 3697 tta,
431 3617 485 3679 uhi
509 3617 683 3699 Euelpides
713 3637 748 3680 se
777 3628 809 3681 et
839 3618 977 3681 sodalem
1008 3629 1096 3680 natos
1123 3637 1193 3681 esse
1215 3617 1293 3682 dicit

100 3714 172 3784 ’ὅθεν
198 3721 230 3784 αἱ
251 3714 382 3806 τριήρεις
405 3719 437 3785 αἱ
458 3717 562 3798 καλαί,
587 3721 646 3782 hoc
668 3721 807 3783 scholion
823 3722 974 3802 pertinet,
1001 3714 1065 3783 ἀντὶ
1078 3723 1131 3784 τοῦ
1146 3720 1176 3792 ἐξ
1195 3715 1292 3804 Ἀθη-

101 3826 173 3888 νιῖιν.
224 3821 301 3908 μέγα
322 3818 379 3908 γὰρ
402 3816 547 3908 ἐφρόνουν
565 3817 721 3906 Ἀθηναῖοι
742 3818 790 3886 eet
812 3821 977 3910 ναυμαχία.
1024 3826 1118 3886 immo
1144 3819 1192 3887 ἐπὶ
1213 3847 1293 3888 ναο-

103 3925 212 4012 mile·

191 4029 316 4092 Scholio
339 4028 380 4092 ad
401 4049 432 4092 ν.
453 4030 513 4090 300
537 4027 698 4110 adscripto
718 4049 796 4092 usus
819 4039 866 4091 est
882 4031 1008 4092 Taetzes
1032 4031 1064 4092 in
1080 4031 1294 4112 Lycophronis

105 4153 135 4194 v.
161 4135 238 4196 387.

193 4237 339 4299 Scholion
363 4237 395 4298 in
418 4255 450 4296 ν.
476 4237 537 4297 303
569 4229 585 4299 ό
615 4232 649 4300 δὲ
677 4235 765 4309 ἐλεᾶς
794 4229 908 4320 μήποτε
937 4233 1035 4308 ἑλείας
1065 4232 1143 4299 ἐστὶν
1172 4235 1203 4300 ἑν
1232 4237 1295 4309 τοῖς

105 4333 311 4425 Καλλιμάχου
333 4331 592 4424 ἀναγραφόμενος.
638 4335 713 4424 φοραὶ
735 4335 793 4425 γὰρ
824 4335 929 4402 “ilem
952 4332 1066 4424 μικρόν,
1100 4341 1186 4425 φωνῇ
1211 4334 1294 4424 όιγα-

106 4438 196 4506 θόν.”
240 4441 281 4504 ab
302 4440 472 4504 Aristotele
494 4439 535 4506 de
557 4461 609 4504 an.
635 4441 710 4504 hist.
735 4461 765 4504 rx
785 4442 824 4503 tt
849 4442 1042 4506 describitur
1062 4441 1136 4507 ἐλέα
1159 4442 1295 4506 dicitur-

107 4565 170 4626 que
193 4565 225 4628 p.
246 4539 322 4606 etei
340 4545 378 4605 tt
402 4541 465 4608 ἔστι
487 4541 521 4607 δὲ
542 4538 575 4608 τὸ
600 4541 652 4628 μὲν
670 4543 796 4630 μέγεθος
812 4539 937 4631 βραχός,
963 4540 1065 4631 φωνὴν
1082 4540 1110 4608 δ’
1130 4543 1197 4632 ἔχει
1212 4539 1295 4631 όιγα-
