3182 5132
328 329 401 402 396
724 342 767 402 Ειι
790 357 884 404 annm
908 341 1115 403 Banonranust.

327 526 450 618 ἠσόχως
472 525 524 594 καὶ
544 529 648 616 πράως
671 529 800 614 ῥέοντος.
840 523 954 593 άκαλὸν
976 523 1033 612 γὰρ
1056 522 1088 591 τό
1104 521 1218 613 ἥσυχον
1235 525 1382 612 λέγουσιν.
1413 528 1488 609 λρολ-

270 638 432 699 tttlonius
454 639 486 698 in
510 637 621 698 lexico
643 653 675 716 p.
694 634 733 696 20
751 631 791 694 27
816 626 1033 718 άκαλαρείτης·
1064 627 1168 716 πράως
1192 629 1286 715 ῥέων·
1315 620 1427 695 οἰκαλόνΙ
1446 627 1490 715 γὰρ

256 751 258 758 “
327 735 360 804 τὸ
382 731 507 825 ἥσυχον.
555 739 802 820 Etymologicum
826 757 857 816 p.
878 739 917 798 tt
935 737 975 797 29
1000 728 1123 806 άκαλός.
1169 731 1249 798 ἔστιν
1271 726 1488 819 ἧκατόήρέρσ·

328 843 362 906 ἐκ
384 836 490 907 τοότου
512 839 625 926 γίνεται
645 833 826 925 παραχωγὸν
849 829 974 923 ἤκαλος,
1000 831 1041 911 ὡς
1062 837 1169 921 πέμπω
1190 837 1353 921 πέμπελος,
1376 835 1421 902 καὶ
1440 829 1490 920 ἄγω

330 937 437 1031 άγελος
459 941 511 1008 καλ
533 935 670 1030 ἄγγελος,
696 937 847 1006 καὶκατὰ
870 935 1014 1026 συστολὴν
1039 935 1162 1020 άκαλός,
1188 935 1204 1004 ὃ
1226 934 1350 1028 ἥσυχος,
1374 936 1412 1015 ὡς
1425 937 1491 1006 ἁπα-

328 1043 380 1121 λός
409 1041 522 1133 ὁμαλός
551 1043 712 1133 χθαμαλός
740 1039 893 1122 όξόνεται,
924 1039 957 1108 τό
982 1042 1015 1108 δὲ
1035 1036 1149 1128 ἤκαλος
1171 1041 1435 1132 προπαροξύνεται,
1461 1040 1492 1116 ὣς

327 1147 482 1223 πάσσαλος
505 1146 645 1236 Κόβαλος
667 1143 831 1221 Τάνταλος.
878 1149 913 1211 ἐκ
942 1151 994 1212 τοῦ
1024 1139 1076 1212 οὖν
1107 1142 1220 1220 άκαλός
1247 1147 1360 1234 γίνεται
1387 1145 1493 1214 “decli

327 1253 499 1342 προρόων”,
524 1248 588 1318 ἀντὶ
610 1257 662 1317 τοῦ
684 1246 818 1338 ἡσόχως.
866 1251 900 1315 ἐκ
921 1253 973 1316 τοῦ
996 1243 1047 1316 οὖν
1071 1247 1173 1317 άκαλά
1194 1251 1308 1336 γίνεται
1330 1249 1493 1340 ἀκαλαρρεί-

328 1381 382 1444 της
390 1408 400 1438 ,
432 1353 473 1432 ὡς
502 1351 585 1443 παρά
607 1360 650 1442 τῷ
671 1350 781 1442 ποιήτρ
813 1355 868 1428 “ei
891 1350 1110 1441 ἀκαλαρρείταο
1133 1350 1304 1442 βαθυρρόου
1322 1352 1493 1434 Ὠκεανοῖο”,

329 1457 395 1526 ἀντὶ
416 1465 468 1526 τοῦ
489 1455 612 1546 ἡσύχως
635 1459 762 1546 ῥέοντος.
809 1460 994 1540 particulam
1017 1461 1101 1522 illam
1126 1480 1238 1568 versus
1261 1455 1361 1526 ἀκολοὶ
1381 1461 1494 1548 προρλων

329 1565 457 1629 Hesiodi
480 1584 549 1628 esse
573 1565 663 1627 docet
678 1566 847 1627 Vossianus
854 1561 1031 1624 ·Gaisiordii
1047 1563 1146 1625 codex
1163 1567 1347 1646 monuitque
1363 1567 1497 1629 oittheius

330 1674 362 1732 in
380 1670 521 1752 Cydippe
537 1689 570 1750 p.
590 1670 641 1730 to.
669 1667 843 1749 Hesychius
859 1659 1080 1750 άκαλαρείταο·
1106 1661 1290 1751 άκυράντου,
1309 1662 1409 1754 πρᾴως
1424 1668 1497 1753 ptat-

329 1797 378 1846 τος
394 1783 425 1835 ct
441 1765 573 1836 οἰκαλόν·
597 1763 724 1857 ἥσυχον,
748 1771 856 1854 πρᾷον,
881 1762 1027 1853 μαλακόν.
1075 1769 1132 1832 sed
1149 1771 1356 1835 memorabile
1370 1771 1497 1854 estquod

330 1877 415 1940 idem
440 1876 614 1956 Hesychius
643 1874 739 1937 habet
762 1863 881 1938 άκαλα·
913 1862 1035 1958 άψυρα,
1059 1867 1180 1959 ἥσυχα,
1211 1874 1267 1938 ubi
1291 1895 1385 1939 verae
1407 1895 1498 1938 ernen-

330 1980 449 2042 dationi
472 1972 572 2043 άκαλά
594 1979 708 2040 inutile
731 1986 941 2040 commentum
963 1967 1066 2059 ἤκαλα
1082 1977 1277 2042 Schmidtius
1298 1979 1428 2043 addidit.
1462 1989 1497 2042 est

331 2093 434 2146 autem
453 2072 557 2168 άψορα
573 2080 812 2144 adcuratissima
829 2091 860 2142 et
874 2081 1039 2142 verissima
1056 2083 1292 2163 interpretatio:
1311 2101 1415 2164 neque
1429 2069 1496 2144 enih

331 2185 550 2249 dubitabimus
573 2177 686 2248 ἆκαλόν
709 2183 749 2246 ad
773 2183 906 2246 eandem
930 2183 1068 2246 radicem
1091 2184 1210 2247 relerre
1234 2204 1275 2247 ex
1298 2205 1360 2266 qua
1376 2181 1462 2249 ἀκέων
1474 2196 1495 2246 et

332 2285 408 2375 ἀκήν
431 2299 505 2352 nata
527 2299 612 2351 sunt.
660 2286 739 2350 illud
762 2297 867 2350 autem
883 2307 976 2350 nemo
991 2287 1132 2368 negabit,
1158 2290 1191 2349 in
1207 2288 1363 2352 Theocriti
1378 2292 1496 2352 carmine

331 2396 526 2475 aptissimam
550 2411 620 2456 esse
643 2392 724 2453 hanc
744 2392 1004 2472 significationem
1020 2392 1072 2454 τοῦ
1089 2384 1220 2477 ἀψόφου.
1260 2392 1395 2456 eandem
1409 2411 1496 2454 vocem

332 2498 506 2560 lleinekius
528 2499 561 2557 in
577 2493 736 2557 Analeotis
751 2497 870 2557 criticis
885 2493 924 2556 ad
940 2491 1094 2557 Athenaei
1110 2496 1391 2577 Deipnosophistas
1404 2517 1433 2578 ρ.
1449 2497 1497 2558 tta

332 2597 500 2683 [Athenaei
521 2607 541 2662 t.
559 2621 606 2662 ιν.
628 2619 662 2680 ρ.
680 2596 780 2681 ato]
810 2599 978 2661 restituere
1008 2599 1076 2660 vult
1106 2599 1138 2660 in
1168 2597 1317 2662 versibus
1344 2602 1497 2662 Sosicratis.

332 2704 482 2786 leguntur
504 2702 589 2785 apud
612 2699 809 2764 Athenaeum
826 2720 855 2762 κν
878 2723 910 2783 p.
931 2700 1016 2782 474⁸,
1043 2696 1236 2786 Σωσικράτης
1259 2701 1456 2788 Φιλαδέλφοις

560 2800 652 2889 λεπτὴ
676 2801 708 2867 δὲ
730 2804 847 2890 κυρτοῖς
869 2803 1024 2889 ἐγγελῶσα
1045 2800 1173 2890 κόρασιν

562 2898 660 2992 αόρα,
683 2901 758 2991 κόρη
783 2905 963 2992 Σκείρωνος,
988 2902 1095 2995 ἡσόχιρ
1117 2905 1186 2972 ποδὶ

560 3014 693 3098 προσῆγε
714 3007 818 3097 πράως
840 3007 890 3074 καὶ
912 3014 1013 3084 καλῶς
1034 3007 1084 3076 τὸν
1107 3008 1272 3098 κάνθαρον.

335 3117 497 3198 displicuit
519 3119 588 3179 viro
607 3118 722 3178 eximio
740 3117 840 3186 καλῶς
856 3127 926 3196 post
940 3111 1043 3202 πράως
1059 3118 1208 3180 inlatum:
1236 3136 1337 3197 qnare
1353 3115 1403 3182 καλ
1417 3119 1500 3202 μαλα-

336 3224 396 3291 κῶς
424 3222 497 3282 olim
521 3223 665 3300 scripsit,
698 3238 783 3282 nuno
812 3220 1011 3282 commendat
1032 3214 1191 3297 κάκαλῶς,
1223 3221 1308 3301 quad
1333 3223 1499 3303 hesychium

338 3325 540 3404 interpretari
564 3323 641 3385 dicit
657 3317 771 3408 πράως,
798 3324 954 3407 μαλακῶς,
979 3317 1112 3408 ἡσόχως.
1143 3327 1239 3408 'atqui
1256 3319 1381 3398 ἀκαλῶς
1393 3344 1449 3386 non
1464 3325 1501 3383 iu-

337 3429 466 3489 venitur
494 3426 581 3507 apud
604 3427 804 3508 hesychium.
852 3427 928 3488 mihi
954 3425 1082 3488 videtur
1104 3447 1210 3508 neque
1234 3429 1426 3491 haerendum
1446 3444 1501 3488 asse

338 3534 370 3592 in
392 3524 496 3616 πράως
518 3524 568 3593 καὶ
588 3533 700 3610 καλῶς,
727 3529 812 3610 quod
836 3540 883 3592 est
905 3531 971 3590 lere
993 3525 1096 3614 πράως
1118 3526 1169 3593 καλ
1185 3525 1392 3616 εὐσχημόνως,
1416 3545 1502 3608 neque

338 3627 458 3704 άκαλῶς
486 3642 553 3695 tuto
582 3633 680 3696 tribui
711 3653 803 3714 posse
832 3636 949 3696 comico
978 3643 1100 3714 poetae.
1147 3633 1206 3696 sed
1228 3635 1391 3696 Theocrito
1417 3628 1503 3714 ἀκαλῷ

339 3737 489 3800 fidentius
513 3735 666 3799 retribuo.
713 3738 929 3818 Theognostus
945 3739 1031 3800 euim
1047 3740 1079 3800 in
1097 3737 1237 3800 Crameri
1252 3737 1421 3800 Anecdotis
1434 3737 1502 3798 Oxo-

339 3839 506 3902 niensibus
529 3851 552 3901 t.
571 3860 591 3899 u
616 3861 647 3921 p.
666 3841 705 3901 to
726 3842 763 3900 l6
788 3842 865 3902 haec
887 3840 980 3920 dicit,
1006 3835 1218 3925 άκαλαρείτρς,
1244 3835 1260 3905 ὃ
1282 3835 1403 3928 ἡσόχως
1423 3839 1500 3926 ῥέων·

340 3938 452 4008 ιἰκαλὸν
475 3938 532 4028 γὰρ
554 3938 637 4029 παρὰ
652 3941 787 4016 Σικελοῖς
808 3937 842 4008 τό
864 3935 991 4028 ἥσυχον.
1039 3945 1160 4008 Siculos
1182 3965 1254 4006 cum
1270 3944 1501 4008 commemorarit

340 4056 442 4128 potest
464 4049 567 4128 ipsum
592 4047 679 4108 illum
702 4049 857 4110 Theocriti
881 4049 1074 4120 versiculum
1097 4051 1129 4108 in
1153 4059 1260 4110 mente
1283 4049 1436 4111 habuisse.
1469 4048 1501 4104 ita

340 4151 441 4211 solent
464 4153 655 4230 grammatici
680 4150 837 4212 hecticam
860 4161 913 4212 aut
932 4153 1105 4212 Boeoticam
1129 4151 1300 4214 dialectum
1325 4155 1356 4214 in
1379 4155 1422 4214 eis
1441 4166 1501 4210 con-

342 4271 516 4314 memorare
532 4272 614 4333 quae
632 4255 662 4314 in
680 4255 827 4335 Sapphus
843 4265 897 4315 aut
913 4254 1069 4316 Corinnae
1085 4253 1235 4318 versibus
1250 4257 1398 4337 legerant.
1430 4261 1500 4313 cete-

342 4372 413 4419 rum
436 4375 499 4417 non
521 4376 601 4438 opus
623 4367 670 4418 est
686 4366 721 4419 ut
737 4360 767 4418 in
786 4360 925 4420 carmine
941 4359 1097 4420 Theocriti
1114 4357 1274 4421 scribatur
1290 4351 1406 4426 ιἰκαλόν.
1441 4370 1496 4414 nan

342 4479 413 4522 cum
444 4463 476 4522 in
506 4462 630 4540 crepitu
659 4460 826 4522 elliciendo
854 4479 916 4522 non
948 4461 1115 4524 illecebrae
1145 4473 1288 4542 tantum,
1319 4461 1373 4525 sed
1400 4455 1496 4520 brachii
