3160 5132
153 1133 299 1217 SEGHS
328 1133 495 1216 uolunt
522 1133 616 1216 tou
643 1133 844 1218 uluuuuu
872 1134 1095 1218 suuntur.

43 1308 163 1360 eothallen
184 1311 211 1359 in
232 1309 494 1374 hrielsarornlungen
513 1311 563 1362 der
575 1310 706 1361 Leidcner
724 1310 871 1362 bibliolhelu
894 1312 994 1372 (Burni.
1008 1311 1037 1372 Q.
1053 1315 1085 1361 tt
1100 1311 1153 1363 uno
1168 1315 1221 1374 tt).

516 1463 565 1533 las
583 1470 632 1517 oct.
654 1465 748 1533 teuc}

621 1621 632 1681 l

47 1775 174 1853 (omnen
188 1777 253 1860 aus
263 1779 445 1839 Burmanns
459 1775 544 1859 brief
553 1795 621 1839 vom
638 1776 677 1837 tt
686 1779 810 1857 januar
826 1776 920 1856 trus,
939 1779 971 1840 io
991 1764 1225 1840 Worusworuul

182 1880 454 1962 correspondentes
475 1879 511 1962 os
528 1878 662 1942 llichord
683 1881 808 1962 Bentley
830 1880 869 1943 bd
890 1881 902 1940 l
931 1899 957 1944 s.
976 1879 1063 1963 tot.)
1235 1890 1283 1938 stt

110 2053 183 2115 Viro
207 2052 429 2120 celeberrimo
452 2054 484 2114 P.
509 2054 690 2116 Burmanno
713 2053 746 2114 S.
772 2053 804 2114 P.
829 2053 866 2114 D.
892 2054 941 2114 lli.
966 2052 1142 2116 Bentleius.

46 2207 256 2324 ⁴iratissimus
286 2267 357 2322 tuas
386 2258 512 2340 literas,
544 2261 605 2322 etsi
635 2261 885 2342 ingratissimum
916 2260 1047 2343 quidem
1076 2261 1226 2324 nuntium

44 2372 210 2448 portantes,
245 2381 320 2426 sero
347 2363 474 2444 accepi:
508 2363 571 2425 iam
599 2365 718 2426 mensis
748 2364 833 2426 enirn
862 2383 934 2428 oum
964 2365 1140 2446 septimana
1162 2383 1225 2426 nna

43 2465 191 2548 altamque
214 2466 431 2548 praeterierat
453 2485 494 2530 ex
516 2484 578 2548 qno
600 2467 719 2548 scripta
742 2475 810 2529 erat
833 2467 965 2549 epistola
981 2468 1170 2549 priusquam
1185 2466 1226 2530 ed

45 2587 142 2632 manns
163 2587 259 2632 meas
281 2578 330 2632 est
351 2570 481 2650 perlata.
529 2568 586 2633 din
608 2589 684 2652 ergo
706 2580 774 2633 erat
796 2569 882 2652 quod
903 2589 1013 2633 omnes
1034 2571 1087 2633 hic
1108 2567 1227 2634 eruditi

44 2671 164 2736 othoni
195 2675 234 2736 in
263 2674 351 2737 luctu
380 2681 472 2736 erent
499 2681 532 2735 et
560 2691 704 2744 moerore
732 2673 774 2736 oh
801 2674 1067 2756 praestantissimi
1098 2673 1226 2736 Graevii

44 2773 162 2858 obitum,
188 2777 273 2839 huilli
296 2786 401 2840 tamen
424 2774 614 2839 flebiliorem
630 2795 726 2859 quam
741 2777 832 2858 mihi,
857 2797 954 2861 quem
969 2779 1003 2839 in
1018 2776 1148 2839 maximi
1163 2776 1226 2838 viri

44 2880 169 2944 amicitia
195 2889 309 2962 partes
331 2878 417 2942 hand
439 2888 615 2962 postremos
637 2881 747 2944 tulisse
769 2890 924 2944 nostrates
946 2899 1056 2944 omncs
1078 2877 1228 2942 credide-

45 2993 118 3044 runt.
164 2982 248 3046 illud
271 3001 347 3044 vero
370 2982 403 3044 in
421 2981 481 3045 hac
502 2984 630 3046 miseria
646 2983 912 3048 iucundissimum
927 2983 1067 3047 solamen
1083 2981 1224 3064 obvenit,

45 3085 119 3165 quod
146 3096 201 3166 tn,
233 3086 285 3148 vir
312 3084 546 3167 eruditissime,
578 3097 615 3150 ut
643 3087 806 3150 doctrinae
834 3089 904 3151 eius
933 3095 966 3150 et
994 3085 1096 3150 lamae
1125 3087 1167 3149 ita
1195 3093 1228 3148 et

45 3190 178 3254 muneris
201 3199 235 3252 et
254 3189 467 3252 amicitiarum
489 3189 603 3253 haeres
619 3209 857 3273 successorque,
883 3209 919 3253 ea
934 3191 1039 3252 omnia
1054 3177 1226 3272 praestare¹

46 3292 109 3354 olim
130 3294 253 3376 poteris
275 3302 309 3355 et
334 3291 431 3374 (quod
452 3293 561 3376 voveo)
588 3293 686 3372 voles,
712 3311 795 3375 quae
817 3294 887 3375 ipse
909 3302 1010 3356 morte
1033 3301 1285 3375 praeventusstu

46 3396 145 3460 affecta
167 3405 200 3460 et
222 3399 392 3460 immature
412 3403 483 3478 post
504 3414 540 3458 se
562 3395 705 3479 reliquit.
752 3396 812 3458 hoc
833 3397 874 3460 de
896 3407 927 3460 te
949 3396 1118 3478 pollicetur
1132 3413 1229 3477 prae-

46 3499 119 3562 clara
139 3511 195 3564 tua
214 3501 361 3564 voluntas
376 3508 408 3562 et
422 3517 531 3581 opera,
556 3517 653 3581 quam
668 3501 701 3562 in
718 3499 854 3563 edendis
875 3501 928 3564 τοῦ
948 3491 1027 3563 πάνυ
1049 3499 1086 3561 N.
1104 3499 1227 3562 Heinsii

47 3603 212 3680 posthumis
235 3602 411 3667 exhibuisti
435 3611 467 3664 et
488 3621 575 3666 nnnc
596 3621 692 3685 mam
714 3605 851 3666 maxime
875 3601 1030 3665 exhihere
1044 3604 1165 3684 pergis,
1185 3603 1227 3664 ita

48 3713 77 3766 nt
95 3705 241 3770 dnhitare
264 3704 398 3789 quidem
419 3703 510 3770 nelos
531 3705 582 3786 sit,
608 3705 688 3788 quin
711 3705 847 3769 eandem
870 3715 902 3768 et
924 3707 961 3778 in¹
974 3704 1160 3768 Graevianis
1182 3706 1228 3768 sis

48 3813 259 3888 praestiturus.
308 3809 439 3872 miserat
470 3807 512 3871 ad
541 3827 591 3872 me
619 3801 636 3874 ‘o
666 3805 832 3894 μακαρίτης
864 3809 970 3890 paullo
999 3816 1074 3870 ante
1104 3805 1227 3870 ohitnm

48 3912 156 3976 lloratii
178 3913 427 3978 vetustissimum
451 3913 626 3994 exemplar,
652 3911 738 3994 quod
759 3931 846 3975 nunc
868 3911 946 3974 mihi
969 3909 1010 3973 ad
1032 3929 1161 3973 manum
1178 3920 1228 3973 est

48 4023 75 4074 ct
99 4013 140 4078 ad
168 4015 280 4080 novam
309 4035 406 4098 quam
428 4014 606 4097 depropero
629 4015 729 4078 Flacci
751 4014 924 4079 editionem
946 4014 1081 4077 multum
1103 4013 1173 4093 opis
1195 4022 1228 4076 et

49 4121 213 4184 ornamenti
235 4121 360 4183 afferet.
406 4117 487 4182 illud
509 4119 604 4181 etiem
627 4118 875 4199 significaverat,
901 4137 935 4180 se
957 4117 1032 4179 olim
1053 4115 1227 4179 editionem

50 4237 170 4298 parvam
189 4223 517 4287 Amstelodamensem
538 4241 610 4284 oum
632 4219 853 4303 hottendorpii
875 4219 945 4284 cod.
963 4238 1023 4282 ms.
1042 4218 1224 4299 contulisse,

51 4339 138 4402 quam
165 4327 280 4392 lmstra
301 4346 321 4389 a
343 4345 377 4390 se
407 4327 600 4408 quaesitam,
631 4334 667 4388 nt
690 4343 848 4388 unacum
871 4344 908 4388 eo
930 4323 1029 4387 altero
1052 4323 1226 4404 exemplari

51 4428 235 4510 mitteretur,
267 4431 300 4493 in
323 4429 537 4494 bibliothecae
559 4447 634 4492 suae
656 4429 771 4510 angulo
793 4427 904 4491 latere.
951 4446 1022 4490 cum
1044 4437 1167 4507 autem,
1192 4435 1228 4488 ut

53 4529 195 4595 alitteris
219 4536 283 4599 tuis
310 4535 351 4600 ad
377 4532 603 4597 Reverendiss.
628 4532 856 4594 Nou-vicensem
884 4530 1004 4594 nudius
1034 4532 1148 4594 tertius
1177 4529 1228 4591 in-
