3182 5132
588 427 691 488 Vnum.
1159 410 1233 482 475

62 614 94 677 de
113 615 189 676 libro
211 615 360 677 Vaticano
384 634 423 675 ex
447 633 510 694 quo
532 613 665 677 Allatius
689 615 773 676 illam
801 613 1041 676 incredibilium
1064 614 1236 694 expositio·

62 737 123 779 nem
143 717 339 799 deprompsit
362 717 542 780 llercherus
565 716 646 779 dixit
670 719 803 780 Hermae
827 729 848 778 t.
868 735 890 778 44
907 737 939 797 p.
961 717 1019 778 447
1037 737 1079 779 ss.
1167 727 1172 750 '

173 822 310 882 XXXlll.
356 820 434 882 llale
469 818 621 883 scribitur
655 821 688 882 in
716 819 830 882 Avieni
862 819 1090 882 Phaenomenis
1118 817 1236 881 Aratiis

62 942 86 982 v.
109 912 178 986 tta*

355 1017 426 1072 tunc
450 1010 603 1071 Oceanum
626 1016 708 1070 statu
729 1008 859 1088 slcrnina
883 1009 961 1070 caeli
1244 1019 1289 1066 444

195 1113 372 1194 propellunt
389 1111 529 1194 pelagus,

62 1251 150 1312 neque
174 1234 292 1294 rectius
314 1250 346 1294 v.
373 1232 429 1292 434

545 1334 628 1395 houd
650 1333 705 1395 tibi
724 1336 821 1416 ripn-is

198 1437 407 1519 permittendo
430 1438 501 1498 aliis
522 1438 640 1518 pecoris
659 1437 749 1517 frons
772 1457 901 1519 aequore
923 1445 1027 1519 surget

201 1542 330 1604 Oceano.

61 1643 205 1724 Georgius
223 1645 309 1706 enim
326 1643 422 1721 Valla,
450 1643 505 1722 qui
528 1640 643 1704 Avieni
666 1643 806 1704 carmina
822 1643 964 1722 evulgari
989 1643 1081 1704 iussit
1095 1641 1236 1702 Venetiis

60 1766 131 1809 anno
153 1764 359 1824 nnnnmnrr,
398 1765 433 1808 ea
464 1765 545 1827 quae
574 1757 667 1809 vetus
696 1747 859 1827 exemplar
886 1747 916 1807 ei
945 1745 1137 1826 praebuerat
1160 1746 1236 1806 satis

60 1850 197 1913 adcurate
231 1850 399 1930 repetiisse
434 1849 578 1928 videtur,
619 1848 710 1912 dedit
746 1859 852 1912 autem
888 1850 938 1910 hic
971 1867 1101 1930 aequore
1134 1856 1238 1930 serpet

60 1955 178 2030 Oceani,
211 1953 296 2034 quod
329 1954 458 2015 minime
482 1953 668 2015 mutandum
699 1964 783 2032 erat,
816 1963 848 2014 et
876 1955 908 2013 in
938 1953 1044 2033 priore
1067 1951 1119 2013 illo
1142 1969 1238 2013 versu

59 2063 120 2118 tunc
151 2074 329 2134 rosaceum,
365 2056 451 2118 unde
486 2055 692 2118 scribendum
727 2075 797 2118 esse
831 2056 963 2136 adparet
993 2063 1055 2116 tum
1078 2072 1235 2135 44444444.

59 2159 195 2221 similiter
217 2161 250 2221 in
273 2160 336 2220 Ora
352 2160 509 2220 maritima
525 2177 556 2219 v.
576 2159 631 2218 494
661 2158 752 2222 dedit
768 2160 943 2236 Coroneum,
971 2159 1004 2218 in
1020 2157 1238 2238 Descriptione

59 2262 136 2323 orbis
158 2281 189 2322 v.
209 2262 270 2323 370
295 2260 435 2324 creandis
458 2260 552 2340 cedit,
588 2260 645 2324 ubi
674 2281 786 2324 verum
817 2271 865 2324 est
898 2280 1008 2343 θρα-444
1037 2259 1179 2338 discedit,
1207 2261 1240 2320 in

60 2364 161 2427 eodem
176 2365 317 2427 carmine
340 2383 371 2426 v.
391 2363 453 2425 769
477 2367 622 2444 coeuntis,
650 2383 680 2424 v.
700 2366 762 2426 964
785 2365 934 2443 chananei,
962 2367 995 2426 in
1012 2362 1241 2426 Phaenomenis

60 2486 84 2526 4.
102 2469 160 2529 734
184 2465 299 2529 Aloeus
321 2485 447 2529 ocaocec
469 2475 528 2546 est,
560 2469 591 2528 in
616 2486 678 2547 quo
702 2469 789 2548 Hugo
813 2467 940 2529 Grotius
963 2467 1119 2528 intellexit
1141 2465 1241 2526 latere

59 2571 139 2633 ultus
162 2589 293 2633 coeooec
315 2579 369 2632 est.
411 2571 525 2632 mutari
556 2571 813 2650 pronuntiatione
844 2580 875 2632 et
905 2570 1062 2650 scriptura
1085 2569 1162 2630 satis
1185 2585 1242 2628 ve-

59 2681 133 2735 tusta
157 2676 241 2736 inter
257 2693 291 2735 se
314 2691 347 2734 oe
369 2682 401 2735 et
423 2693 442 2754 y
464 2684 533 2754 post
550 2674 717 2754 losepbnm
734 2674 928 2753 Scaligerum
945 2675 1028 2733 Lect.
1047 2669 1164 2734 huson.
1183 2671 1240 2730 443

60 2778 141 2838 multi
163 2776 272 2839 multis
294 2778 449 2858 exemplis
472 2776 659 2840 docuerunt.
709 2776 807 2837 nihilo
837 2786 943 2837 tamen
967 2776 1072 2836 minus
1096 2774 1143 2834 rei
1166 2792 1243 2852 per-

59 2880 285 2960 vulgatissimus
321 2881 512 2941 inmemores
544 2879 673 2942 fuerunt
706 2881 761 2958 qui
791 2879 824 2939 in
852 2879 976 2958 Vopisci
1006 2877 1119 2937 Carino
1149 2895 1176 2936 c.
1204 2876 1241 2935 to

59 2984 249 3063 scripserunt
271 2981 455 3060 44444οὸ4444,
487 2983 541 3063 qui
564 3001 623 3062 per
645 2985 797 3064 parictem
819 2999 892 3044 urso
915 2981 997 3043 eluso
1020 2979 1167 3042 cucurrit.
1210 2979 1243 3040 in

59 3085 214 3148 veteribus
237 3083 328 3146 libris
352 3095 400 3146 est
422 3084 605 3165 thycohcten.
654 3085 777 3166 requiri
805 3083 993 3146 toechohateo
1018 3081 1099 3144 vidit
1122 3083 1244 3144 Salma-

59 3191 130 3268 sius,
167 3207 273 3268 neqne
302 3187 413 3266 ingere
444 3187 477 3248 id
506 3197 610 3268 potest
640 3205 833 3268 quemquam
862 3189 923 3250 nisi
954 3188 1008 3267 qui
1038 3204 1115 3266 prae
1146 3185 1244 3260 nimia

60 3290 253 3354 testinatione
276 3299 372 3370 utque
402 3290 602 3371 neglegentia
631 3309 737 3370 neque
767 3291 807 3352 ad
831 3290 963 3371 parietis
985 3287 1173 3352 vocabulum
1196 3297 1245 3350 at-

60 3395 154 3457 tendit
177 3413 282 3474 neqne
305 3394 454 3472 cogitavit
477 3411 573 3473 qnam
596 3395 704 3473 inepte
727 3393 779 3455 ille
808 3394 900 3454 homo
922 3385 1119 3477 τειχοβάτης,
1149 3411 1244 3473 quam

58 3507 137 3559 recte
169 3490 348 3582 τοιχοβάτρς
382 3496 515 3558 dicatur.
563 3494 725 3558 debebant
758 3515 828 3558 earn
860 3515 970 3557 vocem
1004 3497 1059 3575 qui
1089 3495 1243 3577 Stephani

58 3601 248 3664 Thesaurnm
278 3610 438 3662 auxerunt
466 3599 591 3680 Vopisci
623 3601 809 3660 auctoritate
843 3598 1040 3660 confirmare.
1088 3599 1165 3661 utile
1196 3608 1245 3659 est

58 3715 156 3766 autem
179 3701 381 3766 multifariam
405 3700 571 3764 attendere
594 3701 635 3763 ad
659 3702 744 3762 illam
767 3720 863 3781 qnam
886 3701 975 3780 tetigi
997 3701 1152 3762 vocalium
1169 3719 1245 3762 con-

59 3805 216 3868 tusionem.
253 3808 300 3867 sic
315 3825 387 3868 oum
403 3802 489 3886 apud
506 3804 641 3866 Probum
658 3807 691 3867 in
707 3805 839 3884 Vergilii
855 3803 968 3884 Georg.
986 3822 996 3863 1
1013 3804 1073 3864 444
1091 3805 1244 3884 scriptum

59 3910 95 3969 sit
118 3909 252 3990 Gyrilltts
275 3927 345 3971 oum
367 3909 410 3970 att
428 3901 586 3981 Ὠκεανός,
623 3897 753 3992 dcirco
774 3904 947 3992 περίρρυτος
969 3904 1122 3968 ἐνδέδεται
1143 3897 1240 3991 χθών,

59 4013 113 4072 etsi
134 4011 196 4074 dici
220 4019 309 4074 certo
332 4030 395 4072 non
418 4017 520 4090 potest
543 4011 633 4072 cuius
649 4011 702 4072 ille
718 4012 759 4072 sit
773 4010 951 4072 versiculus
979 4006 1143 4089 (tribuitur
1160 4009 1244 4070 enim

60 4116 148 4176 etiam
169 4115 371 4196 Neoptolemo
394 4114 526 4174 Pariana
549 4123 580 4176 et
603 4111 824 4194 Euphorioni)‚
855 4111 991 4174 Probum
1014 4119 1120 4173 tamen
1144 4110 1245 4173 Choe-

59 4218 148 4280 rilum
170 4218 349 4280 nominasse
371 4214 543 4278 admodum
570 4215 746 4297 probabilis
775 4215 835 4277 luit
857 4213 1095 4276 Schneidewini
1119 4215 1246 4276 coniec-
1273 4272 1278 4282 ,

60 4331 135 4382 tura.
182 4321 281 4383 miror
315 4320 401 4382 enim
435 4320 626 4382 lleinekium
661 4322 694 4381 in
722 4317 876 4380 Vindiciis
909 4315 1130 4378 Strabonianis
1152 4337 1183 4397 p.
1205 4316 1239 4377 44

58 4426 123 4486 eins
157 4424 329 4486 accessisse
366 4423 508 4504 opinioni
542 4424 596 4503 qui
628 4423 825 4504 Cyrenaeum
855 4419 889 4482 id
922 4429 970 4482 est
1003 4418 1245 4481 Eratosthenem

58 4528 279 4589 conmemorari
302 4526 437 4606 putavit.
478 4545 548 4589 raro
576 4527 723 4588 locuntur
749 4525 791 4586 ita
814 4523 1026 4604 grammatici,
1059 4539 1165 4602 neque
1188 4523 1243 4602 qui
