3156 5132
342 391 418 465 378
740 408 783 468 Ex
806 423 901 469 enarr
924 409 1132 470 lincolinensi.

429 596 544 657 XLVll.
570 594 659 669 Quod
683 597 836 676 scriptum
860 606 909 658 est
929 594 1016 676 apud
1031 597 1182 658 Senecam
1199 597 1258 677 Ep.
1277 598 1316 658 ct
1333 598 1352 656 8
1367 599 1409 659 eis
1423 597 1499 659 sabito

342 697 528 762 mutandum
561 717 630 760 essa
663 700 693 759 io
714 701 827 780 pituita
848 699 926 762 elias
949 697 1041 760 docui
1064 696 1213 782 [11527]
1235 701 1500 780 conmemorarique

343 804 427 880 inter
449 802 509 864 elie
532 819 614 882 quae
638 802 757 864 Nonius
779 822 811 883 p.
832 802 892 863 tte
911 803 948 861 l8
973 799 1084 878 habet,
1108 802 1258 884 pamiae,
1280 803 1404 883 pituitae
1421 803 1501 864 conlo
1565 839 1566 850 ι

341 924 424 967 enm.
470 915 613 986 peterem
636 903 756 966 addere
779 905 864 985 quod
884 906 916 966 in
934 903 1049 966 Placidi
1067 903 1184 967 Glossis
1199 904 1286 987 apud
1301 907 1409 968 lleium
1423 906 1499 968 Closs.

341 1018 424 1071 euct.
449 1017 472 1069 t.
491 1025 525 1069 ru
546 1027 579 1088 p.
599 1006 661 1068 tot
677 1008 824 1088 legimus,
847 1009 976 1091 ρταιιιίι,
1000 1008 1124 1089 mamis,
1142 1025 1220 1088 qaae
1234 1015 1308 1070 snat
1316 1011 1436 1091 pr'taitoe
1448 1028 1502 1071 oar·

341 1113 452 1174 torem.
498 1128 581 1191 quae
598 1111 879 1192 interpretamenta
896 1111 951 1191 qrri
968 1110 1218 1174 consideraverit
1233 1129 1295 1173 non
1312 1109 1430 1193 putabit
1442 1112 1503 1172 Pru-

341 1215 407 1276 lum
438 1213 604 1294 scripsisse
633 1212 719 1294 quod
741 1212 826 1294 apud
849 1214 1034 1276 Muellerum
1057 1234 1090 1295 p.
1110 1216 1150 1274 96
1175 1223 1206 1276 et
1229 1215 1262 1276 in
1285 1215 1398 1276 ceteris
1418 1233 1503 1276 arem
1565 1259 1566 1290 3

340 1316 485 1399 pleribus
507 1315 654 1379 omnibus
676 1316 804 1398 legitur,
828 1319 967 1400 praeciae
989 1317 1144 1379 oculorum
1167 1325 1241 1380 eant
1261 1319 1351 1398 odio,
1377 1335 1445 1400 ριιοο
1464 1317 1504 1376 olii

340 1421 460 1503 plantas
482 1427 601 1496 vocant,
626 1418 684 1482 aad
705 1421 781 1482 vina
803 1419 991 1482 mutandum
1013 1439 1082 1482 esse
1105 1422 1138 1482 ia
1158 1421 1298 1502 ριίιιιῖοο.
1565 1445 1566 1506 γ

427 1524 555 1585 XLVlll.
581 1522 630 1585 td
646 1523 762 1585 Horatii
780 1522 832 1584 ille
848 1524 949 1584 Serm.
969 1543 978 1584 ι
995 1525 1013 1584 l
1030 1523 1083 1603 52,
1106 1523 1253 1605 campani
1270 1523 1442 1605 Pomponiae
1455 1524 1504 1584 rste
1565 1511 1566 1526 ¹

342 1623 470 1689 Andiret
492 1627 620 1703 levero,
641 1633 733 1708 pater
753 1626 784 1688 si
801 1627 941 1688 viveret?
964 1626 1135 1708 Porphyrio
1149 1626 1229 1688 baec
1242 1625 1419 1708 adscripsit,
1441 1627 1503 1686 niro

341 1731 514 1793 urbanitate
537 1737 565 1792 et
586 1728 792 1791 amaritudine
810 1730 953 1810 Pomponi
969 1746 1105 1810 persono
1127 1728 1241 1792 abente
1264 1737 1309 1791 est
1330 1731 1416 1811 prasi
1428 1748 1503 1812 orpr-

341 1835 434 1896 nrenti
447 1833 509 1894 loco
523 1839 559 1894 nt
572 1851 639 1894 enm
654 1839 804 1913 carperet.
852 1833 901 1893 cui
918 1831 1125 1894 admonitioni
1140 1830 1319 1914 parendum
1335 1842 1402 1896 erat
1414 1851 1504 1913 saepe-

342 1955 473 1999 numero
496 1936 590 1998 etiem
613 1935 691 1996 alies
713 1933 769 1997 ubi
793 1944 825 1996 et
845 1934 919 1996 olim
942 1945 973 1997 et
989 1953 1094 2016 nuper
1109 1936 1302 2016 interpretes
1318 1953 1372 1998 eos
1386 1935 1503 1998 hominos

342 2059 421 2120 qnos
437 2039 581 2101 Horatius
605 2059 645 2099 cx
668 2039 829 2119 inproviso
851 2039 954 2119 carpit
977 2040 1061 2100 inter
1083 2037 1204 2101 dudum
1227 2048 1368 2102 mortuos
1388 2041 1504 2100 etalo-

342 2143 412 2203 oilio
446 2143 631 2224 perstrictos
662 2143 901 2222 quaesiverunt.
948 2143 982 2204 in
1013 2142 1194 2222 Cruquiane
1222 2141 1341 2224 sylloge
1370 2141 1504 2204 consimile
1565 2175 1566 2245 γ

342 2245 481 2308 scholion
513 2247 692 2322 invenitur,
724 2262 815 2326 ριιοιιι
844 2252 891 2306 est
910 2243 983 2307 baec
1005 2246 1179 2307 Horatiano
1200 2252 1228 2307 et
1250 2247 1344 2308 tacita
1364 2244 1505 2328 οὸιὶιιροιὶο
1565 2261 1566 2324 j

345 2351 498 2430 Pomponii
525 2349 686 2410 teneriore
715 2348 854 2410 viventis.
902 2347 959 2410 sed
987 2349 1080 2411 tacita
1107 2347 1275 2432 obiurgatio
1304 2349 1439 2430 ineptum
1458 2357 1502 2426 est,
1565 2391 1566 2404 .

343 2471 448 2533 neque
469 2453 574 2515 minus
589 2453 697 2532 inepte
713 2461 805 2513 antea
821 2452 853 2512 in
868 2451 929 2512 alio
944 2450 1029 2533 apud
1047 2451 1222 2532 Cruquium
1238 2451 1356 2514 scholio
1371 2451 1504 2532 adnepos,
1565 2505 1566 2540 ,

345 2555 429 2637 quad
453 2575 484 2617 ν.
503 2558 543 2618 te
571 2557 706 2636 legitur,
738 2553 933 2636 adscriptum
964 2564 1012 2617 est
1041 2557 1134 2618 tacita
1163 2563 1190 2618 et
1212 2557 1334 2638 eprepia
1355 2556 1506 2639 ιιροιγὶοοιιο

339 2661 399 2742 filii
426 2661 588 2722 incuriose
615 2659 756 2722 cruentis.
803 2667 890 2740 petet
911 2668 1016 2721 eutem
1039 2657 1208 2739 utrobique
1232 2657 1432 2722 scribendum
1452 2675 1506 2718 esse

340 2763 452 2845 faceta.
1030 2807 1034 2814 -

430 2868 533 2928 XLIX.
558 2867 592 2927 ln
615 2866 750 2949 epitome
767 2865 974 2928 Etbnioorum
991 2865 1143 2946 Stephani
1160 2867 1301 2947 Byzantii
1325 2865 1402 2927 baec
1416 2864 1507 2943 legua-

343 2982 412 3049 tur,
441 2964 572 3055 ’λγράαι,
603 2963 780 3054 ἀρσενικῶς,
811 2965 899 3040 ἔθνος
923 2965 1070 3039 Haterio<
1100 2962 1207 3052 μεταξά
1230 2964 1331 3052 Αἵμου
1351 2958 1506 3030 ιιολῬοδά-

341 3097 411 3158 της.
437 3107 479 3119 -
501 3072 638 3158 λέγονται
660 3068 710 3136 καὶ
727 3067 888 3158 Ἀγριᾶνες,
915 3065 957 3143 ὡς
978 3071 1011 3134 ἐν
1032 3075 1076 3156 τῷ
1097 3068 1302 3157 ἐπιγράμματι
1322 3069 1456 3158 γραφέντι
1473 3066 1507 3135 εἰς
1565 3091 1566 3118 ι

343 3170 553 3260 Νεοπτόλεμον
576 3172 704 3261 {ltaliae
727 3168 822 3248 οὕτως
1565 3153 1566 3224 i

472 3275 543 3363 Εἰμὶ
567 3273 776 3363 Νεοπτόλεμος
799 3273 951 3365 Κρισσοῦ,
974 3281 1102 3364 τρισσῶν
1127 3272 1155 3340 δ’
1181 3273 1224 3341 ἕν’
1253 3273 1394 3364 ἀδελφῶν

539 3381 668 3448 ἔστασαν
690 3379 814 3463 Τλωεῑς,
840 3380 932 3454 κῦδος
953 3377 1026 3465 ἐμὸν
1049 3375 1186 3466 δόρατος,

473 3480 592 3552 οὕνεκεν
616 3480 657 3551 ἀν
682 3484 807 3559 Πισίδας
829 3482 879 3549 nal
902 3482 1036 3558 Παίονας
1059 3479 1111 3570 ἠδ’
1136 3481 1293 3570 Ἀγριᾶνας

539 3587 590 3655 καὶ
612 3584 750 3662 Γαλάτας
770 3584 894 3661 τόσσους
917 3583 1058 3660 ἀντιάσας
1081 3584 1218 3674 στόρεσα.
1565 3647 1566 3650 ,

343 3695 454 3758 irivola
478 3705 551 3758 sunt
574 3696 709 3756 maxima
733 3715 772 3755 ex
796 3703 885 3775 perte
909 3711 990 3774 quea
1013 3691 1053 3755 de
1078 3693 1135 3754 boc
1157 3695 1385 3774 epigrammate
1401 3685 1507 3752 lacobus

344 3799 520 3861 Gronovius
542 3799 669 3879 scripsit
686 3813 798 3879 'neque
822 3795 933 3860 debuit
956 3815 992 3858 ee
1017 3805 1164 3877 repetere
1186 3793 1347 3857 lecobsius
1361 3793 1450 3855 ilntb.
1465 3789 1506 3849 Gt·
1565 3807 1566 3860 t

344 3914 367 3964 t.
385 3921 439 3964 ιιιι
461 3923 494 3984 p.
514 3901 587 3964 tce.
613 3902 769 3982 adscripsi
786 3919 899 3963 versus
914 3899 1024 3980 quales
1040 3899 1216 3962 lleinekius
1230 3919 1262 3980 p.
1282 3899 1319 3960 et
1340 3895 1443 3960 dedit:
1464 3887 1506 3954 sed
1565 3861 1566 3948 λ

344 4006 452 4068 insunt
475 4024 556 4085 quea
580 4007 678 4068 mirer
700 4015 796 4085 etque
819 4001 1016 4067 emendenda
1040 4022 1110 4066 esse
1133 4019 1291 4066 censeam.
1339 4020 1375 4062 ac
1392 3999 1506 4081 primum
1565 4047 1566 4106 ,

344 4108 473 4190 quidem
498 4109 575 4189 quid
598 4110 726 4171 attinuit
742 4109 978 4190 Neoptolemum
1002 4125 1100 4170 uuum
1116 4127 1133 4168 e
1149 4105 1254 4168 tribus
1272 4101 1407 4166 fatribus
1421 4100 1506 4164 aare
1565 4111 1566 4116 ’

344 4231 415 4274 cum
445 4213 525 4273 nibil
555 4221 660 4273 tamen
690 4212 731 4274 de
762 4211 912 4274 iratribus
941 4213 1012 4272 eius
1041 4208 1166 4272 duobus
1187 4207 1384 4271 adderetur?
1412 4197 1506 4266 deiude
1565 4257 1566 4300 ,

343 4315 433 4386 κῦδος
454 4310 526 4400 ἀμὸν
550 4308 685 4400 δόρατος,
710 4317 738 4377 si
756 4333 866 4378 verum
882 4315 973 4376 lateri
990 4313 1144 4392 volumus,
1170 4331 1233 4375 non
1249 4319 1352 4393 potest
1367 4301 1503 4382 intellegit

344 4431 449 4500 neque
479 4420 564 4480 anim
593 4417 725 4500 adparet
747 4417 834 4480 unde
857 4434 1046 4499 suspensum
1069 4418 1121 4478 sit.
1169 4414 1250 4476 vidit
1271 4410 1504 4492 hoc-Alpheum
1565 4421 1566 4470 t

285 4523 508 4587 stolleclerus
524 4522 642 4583 Comm.
660 4521 730 4582 crit.
749 4520 790 4584 de
805 4508 911 4583 enin*
929 4519 983 4582 Gr.
1002 4537 1013 4582 1
1035 4539 1069 4600 p.
1087 4517 1128 4580 77
1152 4537 1257 4599 neque
1280 4507 1504 4590 dubtnvitquir
