<?xml version="1.0" encoding="UTF-8"?>
<!DOCTYPE html PUBLIC "-//W3C//DTD XHTML 1.0 Transitional//EN"
    "http://www.w3.org/TR/xhtml1/DTD/xhtml1-transitional.dtd">
<html xmlns="http://www.w3.org/1999/xhtml" xml:lang="en" lang="en">
 <head>
  <title>
</title>
<meta http-equiv="Content-Type" content="text/html;charset=utf-8" />
  <meta name='ocr-system' content='tesseract 3.04.00' />
  <meta name='ocr-capabilities' content='ocr_page ocr_carea ocr_par ocr_line ocrx_word'/>
</head>
<body>
  <div class='ocr_page' id='page_1' title='image "./mavriciihavptii01haupgoog/mavriciihavptii01haupgoog_0644.png"; bbox 0 0 3252 5130; ppageno 0'>
   <div class='ocr_carea' id='block_1_1' title="bbox 567 425 1268 501">
    <p class='ocr_par' dir='ltr' id='par_1_1' title="bbox 567 425 1268 501">
     <span class='ocr_line' id='line_1_1' title="bbox 567 425 1268 501; baseline -0.001 -2"><span class='ocrx_word' id='word_1_1' title='bbox 567 438 785 501; x_wconf 74' lang='lat' dir='ltr'><strong>Coturcrsnm.</strong></span> <span class='ocrx_word' id='word_1_2' title='bbox 1194 425 1268 500; x_wconf 83' lang='grc'><strong>633</strong></span> 
     </span>
    </p>
   </div>
   <div class='ocr_carea' id='block_1_2' title="bbox 84 629 1275 898">
    <p class='ocr_par' dir='ltr' id='par_1_2' title="bbox 84 629 1275 898">
     <span class='ocr_line' id='line_1_2' title="bbox 85 629 1274 710; baseline -0.002 -16"><span class='ocrx_word' id='word_1_3' title='bbox 85 631 266 708; x_wconf 78' lang='lat' dir='ltr'><strong>suaderent,</strong></span> <span class='ocrx_word' id='word_1_4' title='bbox 289 645 347 709; x_wconf 88' lang='lat' dir='ltr'><strong>per</strong></span> <span class='ocrx_word' id='word_1_5' title='bbox 369 645 486 689; x_wconf 90' lang='lat' dir='ltr'><strong>omnem</strong></span> <span class='ocrx_word' id='word_1_6' title='bbox 506 637 611 690; x_wconf 88' lang='lat' dir='ltr'><strong>autem</strong></span> <span class='ocrx_word' id='word_1_7' title='bbox 641 638 704 690; x_wconf 91' lang='lat' dir='ltr'><strong>tam</strong></span> <span class='ocrx_word' id='word_1_8' title='bbox 733 647 796 689; x_wconf 93' lang='lat' dir='ltr'><strong>non</strong></span> <span class='ocrx_word' id='word_1_9' title='bbox 819 629 989 710; x_wconf 88' lang='lat' dir='ltr'><strong>perspicue</strong></span> <span class='ocrx_word' id='word_1_10' title='bbox 1019 629 1138 692; x_wconf 90' lang='lat' dir='ltr'><strong>dictum</strong></span> <span class='ocrx_word' id='word_1_11' title='bbox 1168 641 1274 694; x_wconf 91' lang='lat' dir='ltr'><strong>estut</strong></span> 
     </span>
     <span class='ocr_line' id='line_1_3' title="bbox 84 728 1275 815; baseline 0 -20"><span class='ocrx_word' id='word_1_12' title='bbox 84 731 283 815; x_wconf 90' lang='lat' dir='ltr'><strong>probandum</strong></span> <span class='ocrx_word' id='word_1_13' title='bbox 307 749 377 793; x_wconf 87' lang='lat' dir='ltr'><strong>esse</strong></span> <span class='ocrx_word' id='word_1_14' title='bbox 399 728 549 792; x_wconf 87' lang='lat' dir='ltr'><strong>videatur</strong></span> <span class='ocrx_word' id='word_1_15' title='bbox 571 731 656 811; x_wconf 89' lang='lat' dir='ltr'><strong>quod</strong></span> <span class='ocrx_word' id='word_1_16' title='bbox 679 729 950 811; x_wconf 79' lang='lat' dir='ltr'><strong>Cantabrigionsis</strong></span> <span class='ocrx_word' id='word_1_17' title='bbox 972 730 1056 792; x_wconf 88' lang='lat' dir='ltr'><strong>liber</strong></span> <span class='ocrx_word' id='word_1_18' title='bbox 1071 731 1203 813; x_wconf 86' lang='lat' dir='ltr'><strong>praehet</strong></span> <span class='ocrx_word' id='word_1_19' title='bbox 1214 751 1275 814; x_wconf 85' lang='lat' dir='ltr'><strong>per</strong></span> 
     </span>
     <span class='ocr_line' id='line_1_4' title="bbox 84 835 332 898; baseline -0.016 0"><span class='ocrx_word' id='word_1_20' title='bbox 84 855 199 898; x_wconf 85' lang='lat' dir='ltr'><strong>omnem</strong></span> <span class='ocrx_word' id='word_1_21' title='bbox 221 835 332 898; x_wconf 64' lang='lat' dir='ltr'><strong>lomna.</strong></span> 
     </span>
    </p>
   </div>
   <div class='ocr_carea' id='block_1_3' title="bbox 81 949 1330 2374">
    <p class='ocr_par' dir='ltr' id='par_1_3' title="bbox 81 949 1330 2374">
     <span class='ocr_line' id='line_1_5' title="bbox 168 949 1274 1038; baseline -0.004 -18"><span class='ocrx_word' id='word_1_22' title='bbox 168 957 260 1021; x_wconf 87' lang='lat' dir='ltr'><strong>Libro</strong></span> <span class='ocrx_word' id='word_1_23' title='bbox 276 973 298 1018; x_wconf 90' lang='grc' dir='ltr'><strong>ιι</strong></span> <span class='ocrx_word' id='word_1_24' title='bbox 316 957 333 1016; x_wconf 88' lang='grc'>3</span> <span class='ocrx_word' id='word_1_25' title='bbox 351 955 370 1014; x_wconf 88' lang='grc'>6</span> <span class='ocrx_word' id='word_1_26' title='bbox 393 952 538 1016; x_wconf 75' lang='lat' dir='ltr'><strong>adfertur</strong></span> <span class='ocrx_word' id='word_1_27' title='bbox 559 973 576 1014; x_wconf 90' lang='lat' dir='ltr'><strong>a</strong></span> <span class='ocrx_word' id='word_1_28' title='bbox 600 953 754 1016; x_wconf 90' lang='lat' dir='ltr'><strong>llacrobio</strong></span> <span class='ocrx_word' id='word_1_29' title='bbox 777 954 861 1034; x_wconf 91' lang='lat' dir='ltr'><strong>quod</strong></span> <span class='ocrx_word' id='word_1_30' title='bbox 882 955 992 1016; x_wconf 87' lang='lat' dir='ltr'><strong>Cicero</strong></span> <span class='ocrx_word' id='word_1_31' title='bbox 1015 953 1096 1016; x_wconf 83' lang='lat' dir='ltr'>dixit</span> <span class='ocrx_word' id='word_1_32' title='bbox 1118 949 1274 1038; x_wconf 62' lang='lat' dir='ltr'><strong>ltopoileoi-</strong></span> 
     </span>
     <span class='ocr_line' id='line_1_6' title="bbox 86 1056 1274 1147; baseline -0.003 -22"><span class='ocrx_word' id='word_1_33' title='bbox 86 1085 173 1147; x_wconf 79' lang='grc' dir='ltr'><strong>ρητος</strong></span> <span class='ocrx_word' id='word_1_34' title='bbox 195 1072 244 1123; x_wconf 88' lang='lat' dir='ltr'><strong>est</strong></span> <span class='ocrx_word' id='word_1_35' title='bbox 274 1058 423 1120; x_wconf 78' lang='lat' dir='ltr'><strong><em>Caninius</em></strong></span> <span class='ocrx_word' id='word_1_36' title='bbox 453 1058 568 1119; x_wconf 79' lang='lat' dir='ltr'><strong>consol.</strong></span> <span class='ocrx_word' id='word_1_37' title='bbox 615 1056 777 1120; x_wconf 76' lang='lat' dir='ltr'><strong>adnotavit</strong></span> <span class='ocrx_word' id='word_1_38' title='bbox 804 1059 897 1120; x_wconf 89' lang='lat' dir='ltr'><strong>lanus</strong></span> <span class='ocrx_word' id='word_1_39' title='bbox 920 1058 1121 1121; x_wconf 81' lang='lat' dir='ltr'><strong>Plutarchum</strong></span> <span class='ocrx_word' id='word_1_40' title='bbox 1149 1059 1274 1140; x_wconf 89' lang='lat' dir='ltr'><strong>aliquo-</strong></span> 
     </span>
     <span class='ocr_line' id='line_1_7' title="bbox 84 1153 1273 1246; baseline -0.003 -19"><span class='ocrx_word' id='word_1_41' title='bbox 84 1169 166 1227; x_wconf 86' lang='lat' dir='ltr'><strong>tiens</strong></span> <span class='ocrx_word' id='word_1_42' title='bbox 189 1163 308 1226; x_wconf 81' lang='lat' dir='ltr'><strong>dixisse</strong></span> <span class='ocrx_word' id='word_1_43' title='bbox 332 1155 414 1246; x_wconf 74' lang='grc' dir='ltr'>λόγῳ</span> <span class='ocrx_word' id='word_1_44' title='bbox 443 1153 595 1243; x_wconf 77' lang='grc' dir='ltr'><strong>θεωρητά.</strong></span> <span class='ocrx_word' id='word_1_45' title='bbox 642 1169 789 1242; x_wconf 91' lang='lat' dir='ltr'><strong>poterant</strong></span> <span class='ocrx_word' id='word_1_46' title='bbox 817 1160 918 1242; x_wconf 91' lang='lat' dir='ltr'><strong>ipsius</strong></span> <span class='ocrx_word' id='word_1_47' title='bbox 948 1161 1100 1242; x_wconf 85' lang='lat' dir='ltr'><strong>conpositi</strong></span> <span class='ocrx_word' id='word_1_48' title='bbox 1131 1161 1273 1224; x_wconf 84' lang='lat' dir='ltr'><strong>vocabuli</strong></span> 
     </span>
     <span class='ocr_line' id='line_1_8' title="bbox 85 1260 1270 1348; baseline -0.003 -20"><span class='ocrx_word' id='word_1_49' title='bbox 85 1267 228 1348; x_wconf 84' lang='lat' dir='ltr'><strong>exempla</strong></span> <span class='ocrx_word' id='word_1_50' title='bbox 250 1263 402 1327; x_wconf 85' lang='lat' dir='ltr'><strong>adscribi.</strong></span> <span class='ocrx_word' id='word_1_51' title='bbox 450 1262 574 1324; x_wconf 84' lang='lat' dir='ltr'><strong>Caelius</strong></span> <span class='ocrx_word' id='word_1_52' title='bbox 595 1260 788 1324; x_wconf 81' lang='lat' dir='ltr'><strong>Aurelianus</strong></span> <span class='ocrx_word' id='word_1_53' title='bbox 802 1263 976 1326; x_wconf 89' lang='lat' dir='ltr'><strong>Tardarum</strong></span> <span class='ocrx_word' id='word_1_54' title='bbox 998 1265 1179 1345; x_wconf 86' lang='lat' dir='ltr'><strong>passionum</strong></span> <span class='ocrx_word' id='word_1_55' title='bbox 1196 1283 1216 1324; x_wconf 90' lang='lat' dir='ltr'><strong>v</strong></span> <span class='ocrx_word' id='word_1_56' title='bbox 1233 1265 1270 1324; x_wconf 86' lang='lat' dir='ltr'><strong>to</strong></span> 
     </span>
     <span class='ocr_line' id='line_1_9' title="bbox 90 1360 1268 1451; baseline 0.001 -22"><span class='ocrx_word' id='word_1_57' title='bbox 90 1370 144 1430; x_wconf 78' lang='lat' dir='ltr'><strong>toa</strong></span> <span class='ocrx_word' id='word_1_58' title='bbox 169 1370 229 1430; x_wconf 88' lang='lat' dir='ltr'><strong>olii</strong></span> <span class='ocrx_word' id='word_1_59' title='bbox 249 1371 338 1430; x_wconf 85' lang='lat' dir='ltr'><strong>ciunt</strong></span> <span class='ocrx_word' id='word_1_60' title='bbox 358 1369 427 1428; x_wconf 81' lang='lat' dir='ltr'><strong>cios</strong></span> <span class='ocrx_word' id='word_1_61' title='bbox 457 1383 522 1426; x_wconf 87' lang='lat' dir='ltr'><strong>esse</strong></span> <span class='ocrx_word' id='word_1_62' title='bbox 552 1365 693 1444; x_wconf 87' lang='lat' dir='ltr'><strong>latentes,</strong></span> <span class='ocrx_word' id='word_1_63' title='bbox 726 1385 803 1447; x_wconf 78' lang='lat' dir='ltr'><strong>qnos</strong></span> <span class='ocrx_word' id='word_1_64' title='bbox 831 1360 1075 1451; x_wconf 71' lang='grc' dir='ltr'><strong>λογοθεωρήτους</strong></span> <span class='ocrx_word' id='word_1_65' title='bbox 1104 1369 1268 1448; x_wconf 84' lang='lat' dir='ltr'><strong>appellant.</strong></span> 
     </span>
     <span class='ocr_line' id='line_1_10' title="bbox 85 1468 1273 1552; baseline -0.001 -20"><span class='ocrx_word' id='word_1_66' title='bbox 85 1473 167 1534; x_wconf 90' lang='lat' dir='ltr'><strong>idem</strong></span> <span class='ocrx_word' id='word_1_67' title='bbox 199 1473 344 1535; x_wconf 88' lang='lat' dir='ltr'><strong>Celerum</strong></span> <span class='ocrx_word' id='word_1_68' title='bbox 373 1469 554 1548; x_wconf 89' lang='lat' dir='ltr'><strong>passionum</strong></span> <span class='ocrx_word' id='word_1_69' title='bbox 584 1485 606 1528; x_wconf 91' lang='grc' dir='ltr'><strong>ιι</strong></span> <span class='ocrx_word' id='word_1_70' title='bbox 630 1468 668 1528; x_wconf 81' lang='lat' dir='ltr'><strong>lii</strong></span> <span class='ocrx_word' id='word_1_71' title='bbox 693 1469 733 1529; x_wconf 82' lang='lat'><strong>98</strong></span> <span class='ocrx_word' id='word_1_72' title='bbox 762 1477 790 1532; x_wconf 91' lang='lat' dir='ltr'><strong>et</strong></span> <span class='ocrx_word' id='word_1_73' title='bbox 824 1471 935 1531; x_wconf 79' lang='lat' dir='ltr'><strong>tassilo</strong></span> <span class='ocrx_word' id='word_1_74' title='bbox 970 1469 1070 1530; x_wconf 88' lang='lat' dir='ltr'><strong>itidem</strong></span> <span class='ocrx_word' id='word_1_75' title='bbox 1100 1477 1190 1550; x_wconf 87' lang='lat' dir='ltr'><strong>sputo</strong></span> <span class='ocrx_word' id='word_1_76' title='bbox 1214 1489 1273 1552; x_wconf 86' lang='lat' dir='ltr'><strong>per</strong></span> 
     </span>
     <span class='ocr_line' id='line_1_11' title="bbox 82 1572 1330 1656; baseline -0.001 -19"><span class='ocrx_word' id='word_1_77' title='bbox 82 1577 253 1656; x_wconf 79' lang='lat' dir='ltr'><strong>pulmonem</strong></span> <span class='ocrx_word' id='word_1_78' title='bbox 271 1574 429 1656; x_wconf 74' lang='lat' dir='ltr'><strong>sanatur,</strong></span> <span class='ocrx_word' id='word_1_79' title='bbox 455 1573 601 1654; x_wconf 79' lang='lat' dir='ltr'><strong>siqnidem</strong></span> <span class='ocrx_word' id='word_1_80' title='bbox 625 1573 657 1632; x_wconf 90' lang='lat' dir='ltr'><strong>in</strong></span> <span class='ocrx_word' id='word_1_81' title='bbox 679 1573 779 1652; x_wconf 83' lang='lat' dir='ltr'><strong>ipsum</strong></span> <span class='ocrx_word' id='word_1_82' title='bbox 802 1572 928 1634; x_wconf 83' lang='lat' dir='ltr'><strong>veniant</strong></span> <span class='ocrx_word' id='word_1_83' title='bbox 948 1572 1123 1652; x_wconf 70' lang='lat' dir='ltr'><strong>convicinis,</strong></span> <span class='ocrx_word' id='word_1_84' title='bbox 1150 1583 1273 1655; x_wconf 84' lang='lat' dir='ltr'><strong>accepto</strong></span> <span class='ocrx_word' id='word_1_85' title='bbox 1326 1645 1330 1654; x_wconf 48' lang='grc'>,</span> 
     </span>
     <span class='ocr_line' id='line_1_12' title="bbox 81 1668 1274 1759; baseline -0.001 -20"><span class='ocrx_word' id='word_1_86' title='bbox 81 1697 138 1759; x_wconf 84' lang='lat' dir='ltr'><strong>per</strong></span> <span class='ocrx_word' id='word_1_87' title='bbox 160 1681 231 1740; x_wconf 85' lang='lat' dir='ltr'><strong>m&#39;os</strong></span> <span class='ocrx_word' id='word_1_88' title='bbox 254 1687 348 1740; x_wconf 88' lang='lat' dir='ltr'><strong>mente</strong></span> <span class='ocrx_word' id='word_1_89' title='bbox 371 1693 494 1752; x_wconf 85' lang='lat' dir='ltr'><strong>sensas,</strong></span> <span class='ocrx_word' id='word_1_90' title='bbox 525 1693 601 1757; x_wconf 81' lang='lat' dir='ltr'><strong>quos</strong></span> <span class='ocrx_word' id='word_1_91' title='bbox 624 1668 869 1758; x_wconf 63' lang='lat' dir='ltr'><strong>Aopoileopn‘cooe</strong></span> <span class='ocrx_word' id='word_1_92' title='bbox 898 1675 1063 1755; x_wconf 81' lang='lat' dir='ltr'><strong>appellant.</strong></span> <span class='ocrx_word' id='word_1_93' title='bbox 1111 1676 1185 1738; x_wconf 94' lang='lat' dir='ltr'><strong>hinc</strong></span> <span class='ocrx_word' id='word_1_94' title='bbox 1207 1677 1274 1738; x_wconf 89' lang='lat' dir='ltr'><strong>lor-</strong></span> 
     </span>
     <span class='ocr_line' id='line_1_13' title="bbox 85 1763 1321 1860; baseline -0.001 -18"><span class='ocrx_word' id='word_1_95' title='bbox 85 1790 167 1842; x_wconf 87' lang='lat' dir='ltr'><strong>tasse</strong></span> <span class='ocrx_word' id='word_1_96' title='bbox 200 1779 339 1860; x_wconf 88' lang='lat' dir='ltr'><strong>petenda</strong></span> <span class='ocrx_word' id='word_1_97' title='bbox 374 1789 420 1841; x_wconf 93' lang='lat' dir='ltr'><strong>est</strong></span> <span class='ocrx_word' id='word_1_98' title='bbox 453 1763 632 1840; x_wconf 79' lang='lat' dir='ltr'><strong>emendatio</strong></span> <span class='ocrx_word' id='word_1_99' title='bbox 669 1795 777 1839; x_wconf 88' lang='lat' dir='ltr'><strong>eorum</strong></span> <span class='ocrx_word' id='word_1_100' title='bbox 813 1797 893 1858; x_wconf 86' lang='lat' dir='ltr'><strong>quae</strong></span> <span class='ocrx_word' id='word_1_101' title='bbox 928 1777 1101 1838; x_wconf 83' lang='lat' dir='ltr'><strong>&#39;lardarum</strong></span> <span class='ocrx_word' id='word_1_102' title='bbox 1132 1797 1164 1840; x_wconf 90' lang='grc' dir='ltr'><strong>ιιι</strong></span> <span class='ocrx_word' id='word_1_103' title='bbox 1187 1781 1206 1842; x_wconf 76' lang='grc'>2</span> <span class='ocrx_word' id='word_1_104' title='bbox 1233 1781 1271 1841; x_wconf 82' lang='lat' dir='ltr'><strong>ts</strong></span> <span class='ocrx_word' id='word_1_105' title='bbox 1317 1779 1321 1788; x_wconf 90' lang='lat'>&#39;</span> 
     </span>
     <span class='ocr_line' id='line_1_14' title="bbox 85 1874 1271 1967; baseline 0.001 -23"><span class='ocrx_word' id='word_1_106' title='bbox 85 1883 252 1964; x_wconf 78' lang='lat' dir='ltr'><strong>leguntur,</strong></span> <span class='ocrx_word' id='word_1_107' title='bbox 290 1885 339 1945; x_wconf 88' lang='lat' dir='ltr'><strong>sin</strong></span> <span class='ocrx_word' id='word_1_108' title='bbox 369 1901 440 1944; x_wconf 84' lang='lat' dir='ltr'><strong>cero</strong></span> <span class='ocrx_word' id='word_1_109' title='bbox 468 1881 584 1942; x_wconf 84' lang='lat' dir='ltr'><strong>occulto</strong></span> <span class='ocrx_word' id='word_1_110' title='bbox 610 1879 709 1961; x_wconf 78' lang='lat' dir='ltr'><strong>scierit</strong></span> <span class='ocrx_word' id='word_1_111' title='bbox 736 1879 861 1960; x_wconf 83' lang='lat' dir='ltr'><strong>solatio,</strong></span> <span class='ocrx_word' id='word_1_112' title='bbox 898 1899 988 1961; x_wconf 69' lang='lat' dir='ltr'><strong>qinom</strong></span> <span class='ocrx_word' id='word_1_113' title='bbox 1020 1882 1132 1943; x_wconf 86' lang='lat' dir='ltr'><strong>Graeci</strong></span> <span class='ocrx_word' id='word_1_114' title='bbox 1159 1874 1271 1967; x_wconf 84' lang='grc' dir='ltr'>ἄδηλον</span> 
     </span>
     <span class='ocr_line' id='line_1_15' title="bbox 84 1980 1271 2070; baseline 0.003 -24"><span class='ocrx_word' id='word_1_115' title='bbox 84 1987 249 2067; x_wconf 84' lang='lat' dir='ltr'><strong>appellant,</strong></span> <span class='ocrx_word' id='word_1_116' title='bbox 275 1994 329 2048; x_wconf 86' lang='lat' dir='ltr'><strong>ont</strong></span> <span class='ocrx_word' id='word_1_117' title='bbox 351 1987 497 2046; x_wconf 83' lang='lat' dir='ltr'><strong>immenso</strong></span> <span class='ocrx_word' id='word_1_118' title='bbox 519 1985 608 2066; x_wconf 69' lang='lat' dir='ltr'><strong>sicne</strong></span> <span class='ocrx_word' id='word_1_119' title='bbox 630 1982 805 2060; x_wconf 81' lang='lat' dir='ltr'><strong>viden-ntur,</strong></span> <span class='ocrx_word' id='word_1_120' title='bbox 830 2001 908 2064; x_wconf 86' lang='lat' dir='ltr'><strong>quoe</strong></span> <span class='ocrx_word' id='word_1_121' title='bbox 925 1985 1036 2045; x_wconf 82' lang='lat' dir='ltr'><strong>Graeci</strong></span> <span class='ocrx_word' id='word_1_122' title='bbox 1056 1980 1271 2070; x_wconf 63' lang='lat' dir='ltr'><strong>lopolleoipnro</strong></span> 
     </span>
     <span class='ocr_line' id='line_1_16' title="bbox 86 2086 1270 2170; baseline 0.001 -21"><span class='ocrx_word' id='word_1_123' title='bbox 86 2096 284 2165; x_wconf 84' lang='lat' dir='ltr'><strong>vocaverunt,</strong></span> <span class='ocrx_word' id='word_1_124' title='bbox 310 2090 447 2170; x_wconf 83' lang='lat' dir='ltr'><strong>seqnitur</strong></span> <span class='ocrx_word' id='word_1_125' title='bbox 469 2086 607 2148; x_wconf 85' lang='lat' dir='ltr'><strong>debilitas</strong></span> <span class='ocrx_word' id='word_1_126' title='bbox 627 2087 738 2166; x_wconf 78' lang='lat' dir='ltr'><strong>palens</strong></span> <span class='ocrx_word' id='word_1_127' title='bbox 760 2087 946 2168; x_wconf 82' lang='lat' dir='ltr'><strong>oeprotontis</strong></span> <span class='ocrx_word' id='word_1_128' title='bbox 969 2094 1029 2148; x_wconf 87' lang='lat' dir='ltr'><strong>etc.</strong></span> <span class='ocrx_word' id='word_1_129' title='bbox 1055 2087 1153 2149; x_wconf 89' lang='lat' dir='ltr'><strong>latere</strong></span> <span class='ocrx_word' id='word_1_130' title='bbox 1185 2091 1270 2150; x_wconf 87' lang='lat' dir='ltr'><strong>enim</strong></span> 
     </span>
     <span class='ocr_line' id='line_1_17' title="bbox 84 2189 1268 2272; baseline 0.001 -19"><span class='ocrx_word' id='word_1_131' title='bbox 84 2191 211 2253; x_wconf 80' lang='lat' dir='ltr'><strong>videtur</strong></span> <span class='ocrx_word' id='word_1_132' title='bbox 232 2199 288 2253; x_wconf 85' lang='lat' dir='ltr'><strong>out</strong></span> <span class='ocrx_word' id='word_1_133' title='bbox 311 2199 405 2252; x_wconf 89' lang='lat' dir='ltr'><strong>mente</strong></span> <span class='ocrx_word' id='word_1_134' title='bbox 427 2209 528 2252; x_wconf 86' lang='lat' dir='ltr'><strong>senso.</strong></span> <span class='ocrx_word' id='word_1_135' title='bbox 576 2190 807 2251; x_wconf 89' lang='lat' dir='ltr'><strong>conmemoravi</strong></span> <span class='ocrx_word' id='word_1_136' title='bbox 831 2189 909 2250; x_wconf 91' lang='lat' dir='ltr'><strong>haec</strong></span> <span class='ocrx_word' id='word_1_137' title='bbox 929 2199 1097 2269; x_wconf 88' lang='lat' dir='ltr'><strong>propterea</strong></span> <span class='ocrx_word' id='word_1_138' title='bbox 1120 2193 1268 2272; x_wconf 87' lang='lat' dir='ltr'><strong>quoniam</strong></span> 
     </span>
     <span class='ocr_line' id='line_1_18' title="bbox 86 2281 1064 2374; baseline -0.001 -20"><span class='ocrx_word' id='word_1_139' title='bbox 86 2295 217 2355; x_wconf 90' lang='lat' dir='ltr'><strong>minime</strong></span> <span class='ocrx_word' id='word_1_140' title='bbox 240 2294 379 2374; x_wconf 87' lang='lat' dir='ltr'><strong>locuples</strong></span> <span class='ocrx_word' id='word_1_141' title='bbox 402 2302 450 2356; x_wconf 93' lang='lat' dir='ltr'><strong>est</strong></span> <span class='ocrx_word' id='word_1_142' title='bbox 472 2293 652 2354; x_wconf 87' lang='lat' dir='ltr'><strong>Thesaurus</strong></span> <span class='ocrx_word' id='word_1_143' title='bbox 674 2293 827 2373; x_wconf 86' lang='lat' dir='ltr'><strong>Stephani</strong></span> <span class='ocrx_word' id='word_1_144' title='bbox 850 2302 874 2354; x_wconf 93' lang='lat' dir='ltr'><strong>t.</strong></span> <span class='ocrx_word' id='word_1_145' title='bbox 892 2311 913 2354; x_wconf 90' lang='lat' dir='ltr'>v</span> <span class='ocrx_word' id='word_1_146' title='bbox 929 2311 960 2373; x_wconf 92' lang='lat' dir='ltr'><strong>p.</strong></span> <span class='ocrx_word' id='word_1_147' title='bbox 980 2281 1064 2354; x_wconf 79' lang='grc' dir='ltr'><strong>360.ι</strong></span> 
     </span>
    </p>
   </div>
   <div class='ocr_carea' id='block_1_4' title="bbox 80 2429 1331 3338">
    <p class='ocr_par' dir='ltr' id='par_1_4' title="bbox 169 2429 1331 2514">
     <span class='ocr_line' id='line_1_19' title="bbox 169 2429 1331 2514; baseline 0.002 -22"><span class='ocrx_word' id='word_1_148' title='bbox 169 2429 257 2492; x_wconf 90' lang='lat' dir='ltr'><strong>ldem</strong></span> <span class='ocrx_word' id='word_1_149' title='bbox 273 2429 447 2492; x_wconf 86' lang='lat' dir='ltr'><strong>Macrobius</strong></span> <span class='ocrx_word' id='word_1_150' title='bbox 463 2449 485 2491; x_wconf 94' lang='grc' dir='ltr'><strong>ιι</strong></span> <span class='ocrx_word' id='word_1_151' title='bbox 502 2429 520 2490; x_wconf 88' lang='lat'><strong>7</strong></span> <span class='ocrx_word' id='word_1_152' title='bbox 537 2432 555 2489; x_wconf 87' lang='grc'>9</span> <span class='ocrx_word' id='word_1_153' title='bbox 573 2429 613 2490; x_wconf 90' lang='lat' dir='ltr'><strong>de</strong></span> <span class='ocrx_word' id='word_1_154' title='bbox 630 2430 744 2510; x_wconf 83' lang='lat' dir='ltr'><strong>Pylade</strong></span> <span class='ocrx_word' id='word_1_155' title='bbox 766 2431 957 2510; x_wconf 89' lang='lat' dir='ltr'><strong>pantomimo</strong></span> <span class='ocrx_word' id='word_1_156' title='bbox 973 2430 1051 2492; x_wconf 87' lang='lat' dir='ltr'><strong>idem</strong></span> <span class='ocrx_word' id='word_1_157' title='bbox 1066 2451 1134 2494; x_wconf 80' lang='lat' dir='ltr'><strong>cunt</strong></span> <span class='ocrx_word' id='word_1_158' title='bbox 1145 2440 1331 2514; x_wconf 69' lang='lat' dir='ltr'><strong>proptereat</strong></span> 
     </span>
    </p>

    <p class='ocr_par' dir='ltr' id='par_1_5' title="bbox 80 2533 1272 3338">
     <span class='ocr_line' id='line_1_20' title="bbox 80 2533 1272 2614; baseline 0.003 -21"><span class='ocrx_word' id='word_1_159' title='bbox 80 2536 185 2614; x_wconf 87' lang='lat' dir='ltr'><strong>populi</strong></span> <span class='ocrx_word' id='word_1_160' title='bbox 214 2533 387 2595; x_wconf 83' lang='lat' dir='ltr'><strong>seditionem</strong></span> <span class='ocrx_word' id='word_1_161' title='bbox 411 2553 470 2613; x_wconf 88' lang='lat' dir='ltr'><strong>pro</strong></span> <span class='ocrx_word' id='word_1_162' title='bbox 498 2533 682 2594; x_wconf 81' lang='lat' dir='ltr'><strong>contentione</strong></span> <span class='ocrx_word' id='word_1_163' title='bbox 710 2535 789 2594; x_wconf 86' lang='lat' dir='ltr'><strong>inter</strong></span> <span class='ocrx_word' id='word_1_164' title='bbox 818 2551 850 2594; x_wconf 90' lang='lat' dir='ltr'><strong>se</strong></span> <span class='ocrx_word' id='word_1_165' title='bbox 877 2534 1044 2614; x_wconf 78' lang='lat' dir='ltr'><strong>Hylnmqne</strong></span> <span class='ocrx_word' id='word_1_166' title='bbox 1072 2533 1178 2598; x_wconf 82' lang='lat' dir='ltr'><strong>habito</strong></span> <span class='ocrx_word' id='word_1_167' title='bbox 1199 2555 1272 2597; x_wconf 90' lang='lat' dir='ltr'><strong>con-</strong></span> 
     </span>
     <span class='ocr_line' id='line_1_21' title="bbox 83 2621 1267 2721; baseline 0.003 -24"><span class='ocrx_word' id='word_1_168' title='bbox 83 2639 205 2698; x_wconf 82' lang='lat' dir='ltr'><strong>citatam</strong></span> <span class='ocrx_word' id='word_1_169' title='bbox 227 2635 462 2718; x_wconf 80' lang='lat' dir='ltr'><strong>indipnotionem</strong></span> <span class='ocrx_word' id='word_1_170' title='bbox 485 2637 652 2715; x_wconf 68' lang='lat' dir='ltr'><strong>excepisset</strong></span> <span class='ocrx_word' id='word_1_171' title='bbox 673 2631 813 2716; x_wconf 71' lang='lat' dir='ltr'><strong>depasti,</strong></span> <span class='ocrx_word' id='word_1_172' title='bbox 839 2621 994 2714; x_wconf 85' lang='lat' dir='ltr'><strong>respondit</strong></span> <span class='ocrx_word' id='word_1_173' title='bbox 1015 2631 1066 2697; x_wconf 82' lang='grc' dir='ltr'><strong>καὶ</strong></span> <span class='ocrx_word' id='word_1_174' title='bbox 1082 2631 1267 2721; x_wconf 75' lang='grc' dir='ltr'><strong>ἀχαριστεῖς,</strong></span> 
     </span>
     <span class='ocr_line' id='line_1_22' title="bbox 82 2730 1271 2822; baseline -0.001 -20"><span class='ocrx_word' id='word_1_175' title='bbox 82 2739 218 2822; x_wconf 74' lang='grc' dir='ltr'><strong>βασιλεῦ.</strong></span> <span class='ocrx_word' id='word_1_176' title='bbox 264 2735 354 2802; x_wconf 77' lang='grc' dir='ltr'><strong>ἔασον</strong></span> <span class='ocrx_word' id='word_1_177' title='bbox 384 2731 491 2808; x_wconf 73' lang='grc' dir='ltr'><strong>αὖτοὺς</strong></span> <span class='ocrx_word' id='word_1_178' title='bbox 518 2733 586 2821; x_wconf 79' lang='grc' dir='ltr'>περὶ</span> <span class='ocrx_word' id='word_1_179' title='bbox 614 2730 693 2820; x_wconf 78' lang='grc' dir='ltr'><strong>ἡμᾶς</strong></span> <span class='ocrx_word' id='word_1_180' title='bbox 721 2730 930 2822; x_wconf 73' lang='grc' dir='ltr'><strong>ἀσχολεῖσθαι.</strong></span> <span class='ocrx_word' id='word_1_181' title='bbox 978 2757 1040 2799; x_wconf 91' lang='lat' dir='ltr'><strong>non</strong></span> <span class='ocrx_word' id='word_1_182' title='bbox 1065 2738 1191 2802; x_wconf 89' lang='lat' dir='ltr'><strong>videtur</strong></span> <span class='ocrx_word' id='word_1_183' title='bbox 1214 2761 1271 2802; x_wconf 83' lang='lat' dir='ltr'><strong>ex-</strong></span> 
     </span>
     <span class='ocr_line' id='line_1_23' title="bbox 83 2837 1270 2924; baseline 0.003 -22"><span class='ocrx_word' id='word_1_184' title='bbox 83 2844 192 2922; x_wconf 88' lang='lat' dir='ltr'><strong>plicari</strong></span> <span class='ocrx_word' id='word_1_185' title='bbox 216 2861 307 2924; x_wconf 93' lang='lat' dir='ltr'><strong>posse</strong></span> <span class='ocrx_word' id='word_1_186' title='bbox 330 2839 383 2903; x_wconf 74' lang='lat' dir='ltr'><strong>eoi</strong></span> <span class='ocrx_word' id='word_1_187' title='bbox 404 2861 421 2902; x_wconf 92' lang='lat' dir='ltr'><strong>a</strong></span> <span class='ocrx_word' id='word_1_188' title='bbox 445 2860 506 2922; x_wconf 90' lang='lat' dir='ltr'><strong>quo</strong></span> <span class='ocrx_word' id='word_1_189' title='bbox 530 2839 663 2921; x_wconf 80' lang='lat' dir='ltr'><strong>Pyladae</strong></span> <span class='ocrx_word' id='word_1_190' title='bbox 687 2837 785 2900; x_wconf 88' lang='lat' dir='ltr'><strong>verba</strong></span> <span class='ocrx_word' id='word_1_191' title='bbox 815 2840 981 2920; x_wconf 89' lang='lat' dir='ltr'><strong>incipiunt.</strong></span> <span class='ocrx_word' id='word_1_192' title='bbox 1029 2859 1128 2922; x_wconf 90' lang='lat' dir='ltr'><strong>quare</strong></span> <span class='ocrx_word' id='word_1_193' title='bbox 1151 2842 1270 2906; x_wconf 80' lang='lat' dir='ltr'><strong>dixisse</strong></span> 
     </span>
     <span class='ocr_line' id='line_1_24' title="bbox 84 2938 1271 3030; baseline 0.003 -26"><span class='ocrx_word' id='word_1_194' title='bbox 84 2965 152 3006; x_wconf 91' lang='lat' dir='ltr'><strong>eum</strong></span> <span class='ocrx_word' id='word_1_195' title='bbox 178 2956 255 3028; x_wconf 94' lang='lat' dir='ltr'><strong>puto</strong></span> <span class='ocrx_word' id='word_1_196' title='bbox 277 2940 325 3006; x_wconf 83' lang='grc' dir='ltr'><strong>ναὶ</strong></span> <span class='ocrx_word' id='word_1_197' title='bbox 348 2938 538 3030; x_wconf 79' lang='grc' dir='ltr'><strong>ἀχαριστεῖς,</strong></span> <span class='ocrx_word' id='word_1_198' title='bbox 569 2941 705 3027; x_wconf 76' lang='grc' dir='ltr'><strong>βασιλεῦ.</strong></span> <span class='ocrx_word' id='word_1_199' title='bbox 752 2945 811 3006; x_wconf 87' lang='lat' dir='ltr'><strong>etsi</strong></span> <span class='ocrx_word' id='word_1_200' title='bbox 841 2944 926 3004; x_wconf 91' lang='lat' dir='ltr'><strong>enim</strong></span> <span class='ocrx_word' id='word_1_201' title='bbox 949 2944 1087 3024; x_wconf 84' lang='lat' dir='ltr'><strong>simplex</strong></span> <span class='ocrx_word' id='word_1_202' title='bbox 1109 2942 1158 3006; x_wconf 83' lang='grc' dir='ltr'><strong>ναί</strong></span> <span class='ocrx_word' id='word_1_203' title='bbox 1181 2957 1271 3008; x_wconf 88' lang='lat' dir='ltr'><strong>extra</strong></span> 
     </span>
     <span class='ocr_line' id='line_1_25' title="bbox 85 3047 1271 3129; baseline 0.003 -22"><span class='ocrx_word' id='word_1_204' title='bbox 85 3048 319 3129; x_wconf 88' lang='lat' dir='ltr'><strong>responsionem</strong></span> <span class='ocrx_word' id='word_1_205' title='bbox 352 3050 488 3128; x_wconf 90' lang='lat' dir='ltr'><strong>positum</strong></span> <span class='ocrx_word' id='word_1_206' title='bbox 522 3047 607 3109; x_wconf 91' lang='lat' dir='ltr'><strong>nullo</strong></span> <span class='ocrx_word' id='word_1_207' title='bbox 641 3047 716 3108; x_wconf 90' lang='lat' dir='ltr'><strong>satis</strong></span> <span class='ocrx_word' id='word_1_208' title='bbox 749 3047 845 3108; x_wconf 91' lang='lat' dir='ltr'><strong>simili</strong></span> <span class='ocrx_word' id='word_1_209' title='bbox 881 3048 1067 3127; x_wconf 89' lang='lat' dir='ltr'><strong>cuiusquam</strong></span> <span class='ocrx_word' id='word_1_210' title='bbox 1104 3049 1271 3128; x_wconf 87' lang='lat' dir='ltr'><strong>scriptoris</strong></span> 
     </span>
     <span class='ocr_line' id='line_1_26' title="bbox 83 3149 1270 3232; baseline 0.002 -22"><span class='ocrx_word' id='word_1_211' title='bbox 83 3152 228 3232; x_wconf 82' lang='lat' dir='ltr'><strong>exemplo</strong></span> <span class='ocrx_word' id='word_1_212' title='bbox 251 3149 435 3211; x_wconf 86' lang='lat' dir='ltr'><strong>confirmare</strong></span> <span class='ocrx_word' id='word_1_213' title='bbox 450 3169 587 3230; x_wconf 84' lang='lat' dir='ltr'><strong>possum,</strong></span> <span class='ocrx_word' id='word_1_214' title='bbox 616 3151 728 3230; x_wconf 78' lang='lat' dir='ltr'><strong>vulgus</strong></span> <span class='ocrx_word' id='word_1_215' title='bbox 744 3161 849 3212; x_wconf 88' lang='lat' dir='ltr'><strong>tamen</strong></span> <span class='ocrx_word' id='word_1_216' title='bbox 873 3151 915 3212; x_wconf 93' lang='lat' dir='ltr'><strong>ita</strong></span> <span class='ocrx_word' id='word_1_217' title='bbox 932 3151 1068 3211; x_wconf 88' lang='lat' dir='ltr'><strong>locutum</strong></span> <span class='ocrx_word' id='word_1_218' title='bbox 1088 3161 1137 3212; x_wconf 91' lang='lat' dir='ltr'><strong>cst</strong></span> <span class='ocrx_word' id='word_1_219' title='bbox 1151 3153 1270 3232; x_wconf 87' lang='lat' dir='ltr'><strong>pariter</strong></span> 
     </span>
     <span class='ocr_line' id='line_1_27' title="bbox 84 3250 1180 3338; baseline 0.002 -26"><span class='ocrx_word' id='word_1_220' title='bbox 84 3265 175 3334; x_wconf 86' lang='lat' dir='ltr'><strong>atque</strong></span> <span class='ocrx_word' id='word_1_221' title='bbox 201 3250 284 3338; x_wconf 83' lang='grc' dir='ltr'><strong>ναίχι</strong></span> <span class='ocrx_word' id='word_1_222' title='bbox 305 3255 483 3334; x_wconf 87' lang='lat' dir='ltr'><strong>usurpavit.</strong></span> <span class='ocrx_word' id='word_1_223' title='bbox 531 3251 655 3333; x_wconf 91' lang='lat' dir='ltr'><strong>dequo</strong></span> <span class='ocrx_word' id='word_1_224' title='bbox 678 3252 754 3314; x_wconf 90' lang='lat' dir='ltr'><strong>alias</strong></span> <span class='ocrx_word' id='word_1_225' title='bbox 777 3251 897 3330; x_wconf 86' lang='lat' dir='ltr'><strong>dicam,</strong></span> <span class='ocrx_word' id='word_1_226' title='bbox 923 3254 948 3312; x_wconf 92' lang='lat' dir='ltr'><strong>si</strong></span> <span class='ocrx_word' id='word_1_227' title='bbox 972 3270 1050 3334; x_wconf 93' lang='lat' dir='ltr'><strong>opus</strong></span> <span class='ocrx_word' id='word_1_228' title='bbox 1074 3253 1180 3315; x_wconf 88' lang='lat' dir='ltr'><strong>luerit.</strong></span> 
     </span>
    </p>
   </div>
   <div class='ocr_carea' id='block_1_5' title="bbox 80 3387 1271 4499">
    <p class='ocr_par' dir='ltr' id='par_1_6' title="bbox 80 3387 1271 4499">
     <span class='ocr_line' id='line_1_28' title="bbox 168 3387 1269 3469; baseline 0.001 -17"><span class='ocrx_word' id='word_1_229' title='bbox 168 3391 325 3452; x_wconf 79' lang='lat' dir='ltr'><strong>cnxxtx.</strong></span> <span class='ocrx_word' id='word_1_230' title='bbox 372 3389 483 3452; x_wconf 78' lang='lat' dir='ltr'><strong>Arellii</strong></span> <span class='ocrx_word' id='word_1_231' title='bbox 510 3390 598 3452; x_wconf 80' lang='lat' dir='ltr'><strong>Fusci</strong></span> <span class='ocrx_word' id='word_1_232' title='bbox 628 3387 726 3450; x_wconf 86' lang='lat' dir='ltr'><strong>verba</strong></span> <span class='ocrx_word' id='word_1_233' title='bbox 755 3388 840 3469; x_wconf 89' lang='lat' dir='ltr'><strong>apud</strong></span> <span class='ocrx_word' id='word_1_234' title='bbox 868 3390 1020 3451; x_wconf 88' lang='lat' dir='ltr'><strong>Senecam</strong></span> <span class='ocrx_word' id='word_1_235' title='bbox 1051 3391 1269 3453; x_wconf 87' lang='lat' dir='ltr'><strong>Suasoriarum</strong></span> 
     </span>
     <span class='ocr_line' id='line_1_29' title="bbox 83 3491 1271 3574; baseline 0.005 -22"><span class='ocrx_word' id='word_1_236' title='bbox 83 3511 102 3552; x_wconf 94' lang='grc' dir='ltr'><strong>ιι</strong></span> <span class='ocrx_word' id='word_1_237' title='bbox 123 3515 154 3574; x_wconf 93' lang='lat' dir='ltr'><strong>p.</strong></span> <span class='ocrx_word' id='word_1_238' title='bbox 182 3496 233 3556; x_wconf 87' lang='lat' dir='ltr'><strong>te.</strong></span> <span class='ocrx_word' id='word_1_239' title='bbox 259 3492 371 3554; x_wconf 85' lang='lat' dir='ltr'><strong>liiessl.</strong></span> <span class='ocrx_word' id='word_1_240' title='bbox 404 3494 445 3554; x_wconf 92' lang='lat' dir='ltr'><strong>ita</strong></span> <span class='ocrx_word' id='word_1_241' title='bbox 476 3491 673 3554; x_wconf 90' lang='lat' dir='ltr'><strong>restituenda</strong></span> <span class='ocrx_word' id='word_1_242' title='bbox 707 3511 777 3554; x_wconf 91' lang='lat' dir='ltr'><strong>esse</strong></span> <span class='ocrx_word' id='word_1_243' title='bbox 799 3511 930 3570; x_wconf 86' lang='lat' dir='ltr'><strong>censeo,</strong></span> <span class='ocrx_word' id='word_1_244' title='bbox 962 3493 1029 3554; x_wconf 87' lang='lat' dir='ltr'><strong>licet</strong></span> <span class='ocrx_word' id='word_1_245' title='bbox 1057 3500 1149 3555; x_wconf 83' lang='lat' dir='ltr'><strong>totum</strong></span> <span class='ocrx_word' id='word_1_246' title='bbox 1171 3496 1271 3558; x_wconf 83' lang='lat' dir='ltr'><strong>classe</strong></span> 
     </span>
     <span class='ocr_line' id='line_1_30' title="bbox 83 3594 1271 3676; baseline 0.005 -22"><span class='ocrx_word' id='word_1_247' title='bbox 83 3600 225 3660; x_wconf 84' lang='lat' dir='ltr'><strong>orientem</strong></span> <span class='ocrx_word' id='word_1_248' title='bbox 248 3596 368 3671; x_wconf 80' lang='lat' dir='ltr'><strong>trahet,</strong></span> <span class='ocrx_word' id='word_1_249' title='bbox 402 3596 469 3657; x_wconf 86' lang='lat' dir='ltr'><strong>iicet</strong></span> <span class='ocrx_word' id='word_1_250' title='bbox 491 3594 674 3657; x_wconf 77' lang='lat' dir='ltr'><strong>intuentibus</strong></span> <span class='ocrx_word' id='word_1_251' title='bbox 701 3596 833 3676; x_wconf 76' lang='lat' dir='ltr'><strong>emplicet</strong></span> <span class='ocrx_word' id='word_1_252' title='bbox 854 3597 989 3658; x_wconf 76' lang='lat' dir='ltr'><strong>inutilem</strong></span> <span class='ocrx_word' id='word_1_253' title='bbox 1012 3615 1192 3672; x_wconf 83' lang='lat' dir='ltr'><strong>numerum,</strong></span> <span class='ocrx_word' id='word_1_254' title='bbox 1217 3599 1271 3661; x_wconf 80' lang='lat' dir='ltr'><strong>hoc</strong></span> 
     </span>
     <span class='ocr_line' id='line_1_31' title="bbox 84 3699 1270 3780; baseline 0.006 -24"><span class='ocrx_word' id='word_1_255' title='bbox 84 3717 183 3778; x_wconf 80' lang='lat' dir='ltr'><strong>nme,</strong></span> <span class='ocrx_word' id='word_1_256' title='bbox 215 3699 294 3779; x_wconf 81' lang='lat' dir='ltr'><strong>quod</strong></span> <span class='ocrx_word' id='word_1_257' title='bbox 317 3705 434 3760; x_wconf 83' lang='lat' dir='ltr'><strong>tentem</strong></span> <span class='ocrx_word' id='word_1_258' title='bbox 456 3705 605 3760; x_wconf 77' lang='lat' dir='ltr'><strong>emensio</strong></span> <span class='ocrx_word' id='word_1_259' title='bbox 637 3705 735 3777; x_wconf 86' lang='lat' dir='ltr'><strong>potet,</strong></span> <span class='ocrx_word' id='word_1_260' title='bbox 760 3705 910 3780; x_wconf 77' lang='lat' dir='ltr'><strong>nrpnetnr</strong></span> <span class='ocrx_word' id='word_1_261' title='bbox 934 3700 966 3759; x_wconf 87' lang='lat' dir='ltr'><strong>in</strong></span> <span class='ocrx_word' id='word_1_262' title='bbox 987 3701 1160 3778; x_wconf 85' lang='lat' dir='ltr'><strong>minimum,</strong></span> <span class='ocrx_word' id='word_1_263' title='bbox 1192 3701 1270 3764; x_wconf 88' lang='lat' dir='ltr'><strong>insi-</strong></span> 
     </span>
     <span class='ocr_line' id='line_1_32' title="bbox 82 3800 1269 3883; baseline 0.005 -23"><span class='ocrx_word' id='word_1_264' title='bbox 82 3801 172 3864; x_wconf 88' lang='lat' dir='ltr'><strong>diosis</strong></span> <span class='ocrx_word' id='word_1_265' title='bbox 195 3803 351 3883; x_wconf 75' lang='lat' dir='ltr'><strong>excipitur</strong></span> <span class='ocrx_word' id='word_1_266' title='bbox 372 3802 522 3883; x_wconf 68' lang='lat' dir='ltr'><strong>anqustiis</strong></span> <span class='ocrx_word' id='word_1_267' title='bbox 538 3801 652 3882; x_wconf 74' lang='lat' dir='ltr'><strong>vtaeqoe</strong></span> <span class='ocrx_word' id='word_1_268' title='bbox 666 3801 787 3861; x_wconf 90' lang='lat' dir='ltr'><strong>minimo</strong></span> <span class='ocrx_word' id='word_1_269' title='bbox 811 3800 913 3862; x_wconf 84' lang='lat' dir='ltr'><strong>aditus</strong></span> <span class='ocrx_word' id='word_1_270' title='bbox 928 3802 1050 3883; x_wconf 75' lang='lat' dir='ltr'><strong>occipio</strong></span> <span class='ocrx_word' id='word_1_271' title='bbox 1070 3811 1115 3865; x_wconf 84' lang='lat' dir='ltr'><strong>est</strong></span> <span class='ocrx_word' id='word_1_272' title='bbox 1135 3810 1164 3865; x_wconf 89' lang='lat' dir='ltr'><strong>et</strong></span> <span class='ocrx_word' id='word_1_273' title='bbox 1177 3803 1269 3866; x_wconf 81' lang='lat' dir='ltr'><strong>haias</strong></span> 
     </span>
     <span class='ocr_line' id='line_1_33' title="bbox 83 3903 1266 3986; baseline 0.003 -22"><span class='ocrx_word' id='word_1_274' title='bbox 83 3923 194 3986; x_wconf 83' lang='lat' dir='ltr'><strong>quoqne</strong></span> <span class='ocrx_word' id='word_1_275' title='bbox 223 3905 384 3986; x_wconf 80' lang='lat' dir='ltr'><strong>r·emi9iem</strong></span> <span class='ocrx_word' id='word_1_276' title='bbox 412 3913 522 3966; x_wconf 88' lang='lat' dir='ltr'><strong>arcent</strong></span> <span class='ocrx_word' id='word_1_277' title='bbox 557 3904 699 3983; x_wconf 88' lang='lat' dir='ltr'><strong>inquieto</strong></span> <span class='ocrx_word' id='word_1_278' title='bbox 726 3921 818 3964; x_wconf 87' lang='lat' dir='ltr'><strong>amne</strong></span> <span class='ocrx_word' id='word_1_279' title='bbox 845 3903 924 3984; x_wconf 77' lang='lat' dir='ltr'><strong>qnod</strong></span> <span class='ocrx_word' id='word_1_280' title='bbox 959 3906 1143 3986; x_wconf 78' lang='lat' dir='ltr'><strong>cirmimflnit</strong></span> <span class='ocrx_word' id='word_1_281' title='bbox 1170 3924 1266 3984; x_wconf 89' lang='lat' dir='ltr'><strong>more,</strong></span> 
     </span>
     <span class='ocr_line' id='line_1_34' title="bbox 80 4005 1271 4086; baseline 0.004 -20"><span class='ocrx_word' id='word_1_282' title='bbox 80 4007 221 4084; x_wconf 74' lang='lat' dir='ltr'><strong>sizllentio</strong></span> <span class='ocrx_word' id='word_1_283' title='bbox 242 4025 355 4070; x_wconf 84' lang='lat' dir='ltr'><strong>cnrsas</strong></span> <span class='ocrx_word' id='word_1_284' title='bbox 378 4005 460 4067; x_wconf 88' lang='lat' dir='ltr'><strong>voda</strong></span> <span class='ocrx_word' id='word_1_285' title='bbox 482 4005 641 4068; x_wconf 83' lang='lat' dir='ltr'><strong>altioribus</strong></span> <span class='ocrx_word' id='word_1_286' title='bbox 665 4008 836 4081; x_wconf 85' lang='lat' dir='ltr'><strong>internato,</strong></span> <span class='ocrx_word' id='word_1_287' title='bbox 869 4024 983 4086; x_wconf 84' lang='lat' dir='ltr'><strong>aspera</strong></span> <span class='ocrx_word' id='word_1_288' title='bbox 1005 4007 1216 4086; x_wconf 92' lang='lat' dir='ltr'><strong>scopulorum,</strong></span> <span class='ocrx_word' id='word_1_289' title='bbox 1243 4018 1271 4071; x_wconf 89' lang='lat' dir='ltr'><strong>et</strong></span> 
     </span>
     <span class='ocr_line' id='line_1_35' title="bbox 83 4106 1270 4192; baseline 0.002 -22"><span class='ocrx_word' id='word_1_290' title='bbox 83 4118 181 4172; x_wconf 88' lang='lat' dir='ltr'><strong>cetero</strong></span> <span class='ocrx_word' id='word_1_291' title='bbox 202 4129 279 4192; x_wconf 75' lang='lat' dir='ltr'><strong>miae</strong></span> <span class='ocrx_word' id='word_1_292' title='bbox 300 4110 512 4191; x_wconf 77' lang='lat' dir='ltr'><strong>noviponn&#39;nm</strong></span> <span class='ocrx_word' id='word_1_293' title='bbox 533 4115 604 4170; x_wconf 87' lang='lat' dir='ltr'><strong>vota</strong></span> <span class='ocrx_word' id='word_1_294' title='bbox 618 4108 782 4190; x_wconf 86' lang='lat' dir='ltr'><strong>decipiunt.</strong></span> <span class='ocrx_word' id='word_1_295' title='bbox 816 4106 889 4169; x_wconf 90' lang='lat' dir='ltr'><strong>libri</strong></span> <span class='ocrx_word' id='word_1_296' title='bbox 913 4117 1016 4170; x_wconf 82' lang='lat' dir='ltr'><strong>arceto</strong></span> <span class='ocrx_word' id='word_1_297' title='bbox 1034 4110 1169 4190; x_wconf 78' lang='lat' dir='ltr'><strong>inqtiieto</strong></span> <span class='ocrx_word' id='word_1_298' title='bbox 1184 4129 1270 4172; x_wconf 90' lang='lat' dir='ltr'><strong>omne</strong></span> 
     </span>
     <span class='ocr_line' id='line_1_36' title="bbox 84 4209 1268 4294; baseline 0.003 -22"><span class='ocrx_word' id='word_1_299' title='bbox 84 4224 113 4274; x_wconf 90' lang='lat' dir='ltr'><strong>et</strong></span> <span class='ocrx_word' id='word_1_300' title='bbox 134 4213 282 4294; x_wconf 82' lang='lat' dir='ltr'><strong>scopulos.</strong></span> <span class='ocrx_word' id='word_1_301' title='bbox 329 4211 458 4274; x_wconf 84' lang='lat' dir='ltr'><strong>fluctum</strong></span> <span class='ocrx_word' id='word_1_302' title='bbox 486 4212 581 4272; x_wconf 89' lang='lat' dir='ltr'><strong>maris</strong></span> <span class='ocrx_word' id='word_1_303' title='bbox 610 4227 735 4273; x_wconf 88' lang='lat' dir='ltr'><strong>amnem</strong></span> <span class='ocrx_word' id='word_1_304' title='bbox 764 4209 872 4272; x_wconf 80' lang='lat' dir='ltr'><strong>dicese</strong></span> <span class='ocrx_word' id='word_1_305' title='bbox 901 4213 1000 4291; x_wconf 90' lang='lat' dir='ltr'><strong>potuit</strong></span> <span class='ocrx_word' id='word_1_306' title='bbox 1023 4211 1179 4274; x_wconf 85' lang='lat' dir='ltr'><strong>Arellius:</strong></span> <span class='ocrx_word' id='word_1_307' title='bbox 1211 4214 1268 4275; x_wconf 92' lang='lat' dir='ltr'><strong>sed</strong></span> 
     </span>
     <span class='ocr_line' id='line_1_37' title="bbox 84 4312 1269 4398; baseline 0.002 -24"><span class='ocrx_word' id='word_1_308' title='bbox 84 4316 161 4378; x_wconf 90' lang='lat' dir='ltr'><strong>nihil</strong></span> <span class='ocrx_word' id='word_1_309' title='bbox 184 4315 259 4378; x_wconf 91' lang='lat' dir='ltr'><strong>inde</strong></span> <span class='ocrx_word' id='word_1_310' title='bbox 276 4313 426 4396; x_wconf 88' lang='lat' dir='ltr'><strong>praesidii</strong></span> <span class='ocrx_word' id='word_1_311' title='bbox 442 4312 615 4394; x_wconf 91' lang='lat' dir='ltr'><strong>petendum</strong></span> <span class='ocrx_word' id='word_1_312' title='bbox 638 4323 685 4375; x_wconf 91' lang='lat' dir='ltr'><strong>est</strong></span> <span class='ocrx_word' id='word_1_313' title='bbox 707 4314 815 4395; x_wconf 91' lang='lat' dir='ltr'><strong>inepto</strong></span> <span class='ocrx_word' id='word_1_314' title='bbox 839 4313 883 4374; x_wconf 92' lang='lat' dir='ltr'><strong>illi</strong></span> <span class='ocrx_word' id='word_1_315' title='bbox 906 4313 991 4394; x_wconf 90' lang='lat' dir='ltr'><strong>apud</strong></span> <span class='ocrx_word' id='word_1_316' title='bbox 1007 4313 1198 4378; x_wconf 83' lang='lat' dir='ltr'><strong>Macrobium</strong></span> <span class='ocrx_word' id='word_1_317' title='bbox 1210 4335 1269 4398; x_wconf 86' lang='lat' dir='ltr'><strong>per</strong></span> 
     </span>
     <span class='ocr_line' id='line_1_38' title="bbox 84 4416 563 4499; baseline 0.002 -22"><span class='ocrx_word' id='word_1_318' title='bbox 84 4437 199 4482; x_wconf 74' lang='lat' dir='ltr'><strong>‹intnem</strong></span> <span class='ocrx_word' id='word_1_319' title='bbox 222 4419 263 4480; x_wconf 92' lang='lat' dir='ltr'><strong>de</strong></span> <span class='ocrx_word' id='word_1_320' title='bbox 286 4437 348 4499; x_wconf 92' lang='lat' dir='ltr'><strong>quo</strong></span> <span class='ocrx_word' id='word_1_321' title='bbox 371 4427 462 4480; x_wconf 90' lang='lat' dir='ltr'><strong>antea</strong></span> <span class='ocrx_word' id='word_1_322' title='bbox 485 4416 563 4478; x_wconf 80' lang='lat' dir='ltr'><strong>dixi.</strong></span> 
     </span>
    </p>
   </div>
   <div class='ocr_carea' id='block_1_6' title="bbox 167 4535 1268 4618">
    <p class='ocr_par' dir='ltr' id='par_1_7' title="bbox 167 4535 1268 4618">
     <span class='ocr_line' id='line_1_39' title="bbox 167 4535 1268 4618; baseline -0.001 -18"><span class='ocrx_word' id='word_1_323' title='bbox 167 4539 309 4600; x_wconf 77' lang='lat' dir='ltr'>CLXXX.</span> <span class='ocrx_word' id='word_1_324' title='bbox 358 4537 564 4618; x_wconf 82' lang='lat' dir='ltr'><strong>Symmachus</strong></span> <span class='ocrx_word' id='word_1_325' title='bbox 588 4537 645 4617; x_wconf 84' lang='lat' dir='ltr'><strong>Ep.</strong></span> <span class='ocrx_word' id='word_1_326' title='bbox 664 4554 686 4596; x_wconf 92' lang='grc' dir='ltr'><strong>ιι</strong></span> <span class='ocrx_word' id='word_1_327' title='bbox 703 4535 742 4596; x_wconf 85' lang='grc'><strong>77</strong></span> <span class='ocrx_word' id='word_1_328' title='bbox 769 4537 846 4597; x_wconf 85' lang='lat' dir='ltr'><strong>Pers</strong></span> <span class='ocrx_word' id='word_1_329' title='bbox 868 4535 1020 4598; x_wconf 81' lang='lat' dir='ltr'><strong>hominum</strong></span> <span class='ocrx_word' id='word_1_330' title='bbox 1046 4535 1103 4597; x_wconf 89' lang='lat' dir='ltr'><strong>olii</strong></span> <span class='ocrx_word' id='word_1_331' title='bbox 1130 4555 1268 4618; x_wconf 88' lang='lat' dir='ltr'><strong>compen-</strong></span> 
     </span>
    </p>
   </div>
   <div class='ocr_carea' id='block_1_7' title="bbox 0 0 1630 5130">
    <p class='ocr_par' dir='ltr' id='par_1_8' title="bbox 0 0 1630 5130">
     <span class='ocr_line' id='line_1_40' title="bbox 0 0 1630 5130; baseline 0 0"><span class='ocrx_word' id='word_1_332' title='bbox 0 0 1630 5130; x_wconf 95' lang='lat' dir='ltr'><strong> </strong></span> 
     </span>
    </p>
   </div>
  </div>
 </body>
</html>
