3152 5128
344 359 418 432 276
735 371 779 432 Ex
803 372 905 432 llam
928 373 1137 432 Bnaotrrnrrsr.

345 555 387 626 ὢν
410 562 442 626 ἐν
464 555 596 647 χρόνοις.
645 557 826 639 tragoediae
848 558 889 621 de
905 559 1114 640 chrysargyro
1128 576 1190 619 non
1206 558 1275 620 sine
1291 577 1430 620 successu
1443 561 1508 620 seri-

344 676 415 748 ptae
450 663 651 746 (quamquam
673 659 858 725 Anastasius
880 663 1012 724 Dicorus
1042 659 1127 741 quod
1154 660 1302 742 abrogato
1325 661 1507 743 chrysargpro

319 757 541 832 acon'donevit
569 765 685 848 populo
708 783 781 826 mox
804 765 1010 846 conpensavit
1033 763 1211 826 introducta
1233 762 1428 848 χρυσοτελείαῖ.
1453 785 1508 825 ru-

345 873 437 934 minii
452 871 606 950 Georgius
622 869 788 931 Cedrenns
810 888 842 949 p.
861 867 923 928 357
948 869 1016 930 Par.
1041 875 1063 929 ι.
1084 886 1094 928 r
1116 888 1149 948 p.
1169 867 1230 928 627
1253 867 1367 944 Beth,
1390 866 1508 951 πρέσβεις

342 973 440 1039 τοίνυν
464 967 622 1057 δεξάμενος
645 966 661 1036 ‘o
687 964 827 1058 βασιλεὺς
850 963 905 1034 ὑπὸ
934 963 1001 1052 (ἀπὸ
1023 969 1199 1052 Bekkerus)
1225 971 1284 1032 τῶν
1307 966 1339 1032 ὲν
1358 960 1509 1054 Ἱεροσολύ-

344 1102 410 1162 μοις
434 1079 593 1162 μοναχῶν,
625 1071 677 1138 καί
698 1071 850 1158 Τιμοθέου
872 1073 924 1137 τοῖν
947 1068 1098 1150 Γαζαίου,
1130 1066 1238 1158 ἀνδρὸς
1259 1067 1297 1136 τὰ
1317 1069 1410 1137 πάντα
1430 1078 1510 1159 σοφοῖν

343 1179 512 1267 τραγῳδίαν
534 1172 714 1264 ποιήσαντος
737 1171 810 1262 ὑπὲρ
833 1179 885 1240 τοῦ
907 1169 1041 1239 τοιουτου
1048 1221 1059 1250 ,
1089 1177 1184 1239 ταῦτα
1205 1173 1356 1261 ἐξέκοψεν.
1400 1177 1435 1241 de
1455 1188 1511 1240 tra-

344 1284 474 1366 goediae
498 1285 624 1346 nomine
639 1280 814 1344 Lobecltius
834 1299 897 1342 non
911 1279 997 1342 nulla
1013 1277 1095 1340 dixit
1109 1276 1261 1360 Aglaoph.
1286 1299 1319 1360 p.
1338 1279 1408 1342 977.
1440 1283 1512 1342 inter

343 1388 561 1470 grammaticos
590 1394 778 1449 numeratur
807 1376 956 1466 Τιμόθεος
984 1379 1113 1454 Γαζαῖος
1141 1384 1174 1444 in
1205 1383 1311 1446 codice
1342 1383 1511 1446 Coisliniano

343 1490 429 1571 apud
444 1488 718 1551 llanteialeonium
741 1507 773 1568 p.
792 1480 880 1548 teri.
927 1483 1004 1548 editi
1028 1496 1101 1548 sunt
1123 1485 1306 1548 aCramero
1320 1485 1435 1549 Aneed.
1451 1489 1509 1548 Par.

344 1602 367 1654 t.
386 1613 415 1654 ιν
438 1614 471 1675 p.
489 1593 551 1654 239
575 1588 727 1676 Τιμοθέου
750 1583 849 1672 Γάζης
871 1581 993 1659 κανόνες
1015 1582 1172 1652 καθολικοί
1193 1585 1262 1674 περί
1283 1583 1455 1666 συντάξεως,
1475 1589 1510 1652 de

344 1695 460 1778 quibus
482 1695 632 1758 Lehrsius
655 1693 736 1755 dixit
758 1693 791 1753 in
814 1690 991 1754 Herodiano
1013 1711 1069 1753 suo
1092 1712 1124 1773 p.
1144 1692 1218 1754 ite.

428 1797 533 1879 Atque
557 1799 606 1860 his
629 1796 759 1878 quidem
782 1806 867 1858 certe
890 1795 1044 1857 Timothei
1067 1797 1218 1858 memoria
1242 1797 1427 1859 continetur.
1460 1797 1511 1858 scd

345 1921 407 1964 nou
430 1902 499 1964 sine
522 1901 592 1962 veri
613 1897 821 1963 similitudine
836 1898 1061 1980 Bernhardyus
1075 1897 1116 1960 ed
1131 1918 1203 1961 eum
1221 1901 1342 1962 rettulit
1357 1919 1432 1982 quae
1446 1901 1511 1962 Cos

344 2025 409 2068 mes
433 2003 734 2086 hierosolymitanus
763 2004 795 2064 in
827 2002 1047 2065 commentario
1078 2001 1110 2062 in
1141 2004 1279 2065 carmina
1303 2003 1438 2084 Gregorii
1458 2005 1511 2065 Na-

343 2109 485 2170 zianzeni
521 2105 563 2190 (in
586 2107 656 2168 llaii
680 2105 789 2186 Spicil.
814 2106 902 2166 liom.
928 2116 950 2166 t.
969 2104 1001 2188 u)
1029 2126 1061 2186 p.
1080 2105 1141 2166 333
1166 2114 1291 2184 μεντοι,
1325 2099 1462 2189 Τιμόθεος
1485 2127 1510 2167 ο.

341 2205 409 2282 τοθς
432 2202 635 2296 ἐμβάλλοντας
656 2202 808 2292 ποταμοθς
830 2206 873 2280 είς
894 2203 948 2292 τὴν
967 2201 1157 2292 Ἀτλαντικὴν
1179 2203 1230 2272 διὰ
1249 2211 1302 2292 τῆς
1319 2205 1457 2293 Κελτικῆς
1470 2208 1509 2270 ol·

341 2315 454 2391 τιᾶται,
476 2311 663 2399 πορθοῦντος
686 2308 739 2396 μὲν
759 2305 812 2383 τὰς
828 2305 954 2398 ἐφόδους
969 2305 1020 2375 καί
1033 2311 1220 2397 πλημμυρεῖν
1235 2315 1405 2391 ποιοῦντας,
1427 2307 1508 2398 ὑφέλ-

341 2439 431 2480 κοντα
458 2415 529 2500 (ser.
556 2409 747 2502 θφίλκοντας)
782 2411 816 2478 δὲ
844 2413 909 2486 ταῖς
931 2409 1105 2498 οἰνατομίαις
1127 2409 1178 2478 καί
1198 2409 1374 2498 ἀμπώτιδας
1396 2415 1508 2501 ἐργαζο-

343 2518 458 2604 μένους.
508 2521 539 2581 in
571 2519 689 2600 quibus
719 2537 781 2580 non
811 2519 887 2580 satis
913 2519 1062 2600 intellego
1084 2519 1162 2600 quid
1185 2512 1361 2602 ἀνατομίαις
1382 2530 1433 2584 aut
1455 2539 1508 2582 csse

340 2625 438 2706 possit
467 2633 522 2686 aut
551 2621 706 2702 quomodo
734 2623 776 2684 sit
804 2621 1078 2705 corrigendum*).
1125 2622 1183 2685 sed
1213 2621 1300 2704 quod
1327 2623 1507 2686 verisimile

341 2727 409 2790 dixi
425 2726 621 2788 Timotheum
638 2725 766 2788 Cosmue
782 2725 937 2788 Gazaeum
961 2744 1030 2788 esse
1054 2724 1113 2787 ieci
1137 2745 1199 2787 non
1222 2727 1317 2807 plane
1332 2728 1402 2790 sine
1420 2746 1507 2790 cause.

342 2831 471 2893 Cosmae
494 2829 572 2891 haec
594 2839 668 2891 sunt
690 2849 722 2910 p.
742 2827 782 2890 77
806 2828 845 2891 de
869 2829 983 2911 vulpe,
1015 2825 1067 2892 καί
1088 2821 1135 2892 δτι
1156 2824 1280 2914 φυσικὸν
1303 2828 1371 2917 ἔχει
1392 2827 1424 2895 τὸ
1443 2853 1507 2893 πεν-

342 2937 449 3019 coppos
470 2930 590 3016 λέγουσι
613 2929 855 3017 σχηματίζεσθαι
876 2927 1005 2996 θάνατον
1027 2929 1079 2997 καί
1100 2931 1296 3017 ἐζυγκοῦσθαι
1317 2929 1391 3021 πρὸς
1411 2927 1507 3014 ἀπιίττμ

341 3039 400 3100 τῶν
428 3038 590 3114 πετεινῶν,
621 3030 711 3118 ἡνίκα
733 3032 768 3099 δὲ
789 3029 975 3120 καθήκονται
1003 3035 1034 3118 (i.
1059 3034 1280 3119 καθικνοῦνται)
1309 3029 1351 3110 ὥς
1373 3035 1421 3102 ἐπί
1439 3029 1507 3100 πτοί-

342 3162 414 3224 ματι
441 3139 568 3202 διασπᾶν
592 3132 667 3202 αὐτὰ
689 3134 741 3203 καί
761 3137 948 3217 κατεσθίειν,
979 3131 1061 3202 ἀλλὰ
1082 3135 1133 3201 καὶ
1154 3135 1223 3213 τοθς
1245 3133 1336 3214 κίνας
1358 3137 1428 3228 πρὸς
1448 3140 1506 3224 μῖξιν

342 3237 457 3307 ἀπατᾶν
480 3235 569 3326 ἡνίκα
590 3236 791 3328 ταχυδμόμοις
814 3235 943 3327 δίλμασιν
967 3235 1058 3306 αὐτοῦ
1079 3237 1287 3329 κατατίχοιεν.
1336 3267 1408 3310 cum
1429 3247 1470 3308 his
1486 3243 1506 3304 si

341 3346 514 3409 contuleris
530 3363 611 3425 quae
628 3348 659 3408 in
676 3347 837 3428 excerptis
852 3345 1045 3427 Augustanis
1061 3365 1088 3408 ο.
1108 3345 1126 3405 5
1142 3348 1304 3430 leguntur,
1331 3350 1434 3414 videri
1446 3366 1505 3412 sene

341 3450 457 3532 poterit
473 3449 599 3510 Cosmus
621 3449 735 3529 legisse
750 3450 904 3511 Timothei
919 3448 960 3512 de
983 3448 1173 3513 animalibus
1191 3447 1301 3514 hhros.
1342 3453 1426 3534 quod
1438 3447 1505 3533 apud

342 3553 538 3634 Stephanum
561 3553 746 3634 Byzantium
768 3572 801 3634 p.
822 3553 917 3617 4372
940 3555 1034 3617 llein.
1060 3553 1142 3616 liber
1163 3553 1405 3636 llhedigeranus
1431 3571 1506 3638 prae·

341 3654 410 3722 huit
440 3647 574 3732 Γοίλλος,
605 3649 736 3739 ποταμὸς
766 3653 910 3741 Φρυγίας.
959 3655 987 3718 ol
1015 3654 1162 3742 περίοικοι
1189 3652 1267 3722 κατὰ
1295 3655 1350 3742 μὲν
1380 3651 1504 3744 Τιμόθεον

427 3894 452 3960 *t
473 3897 561 3947 Ηττον.
581 3900 621 3944 111
634 3898 698 3946 m:
718 3897 837 3948 Paenitet
856 3909 898 3948 me
917 3910 1010 3948 eorum
1029 3911 1099 3962 quaa
1117 3899 1151 3950 de
1169 3898 1238 3950 lecta
1256 3913 1272 3950 a
1290 3900 1388 3952 cosma
1400 3899 1503 3952 llieroeo-

341 3983 468 4047 lymitano
486 3981 619 4032 Timothei
639 3982 734 4034 Gazaei
757 3985 1015 4036 commemoratione
1039 3985 1093 4036 dixi
1118 3988 1147 4036 ut
1164 3984 1356 4038 confirmarem
1372 3987 1502 4053 opinionon

340 4067 515 4134 Bernhardyi.
553 4069 595 4119 est
607 4068 678 4118 enim
693 4067 767 4120 laisa.
807 4069 960 4120 Plutarchus
973 4069 1007 4120 de
1021 4069 1125 4136 placitis
1138 4071 1363 4138 philosophorum
1376 4089 1402 4125 ru
1414 4077 1441 4123 ti
1452 4071 1502 4120 haec

340 4155 434 4210 habel.
460 4149 568 4224 Τίμαιος
584 4152 644 4212 τοὺς
662 4151 837 4222 ἐμβάλλοντας
855 4154 986 4224 ποταμοὺς
1004 4155 1040 4215 είς
1057 4155 1105 4227 τὴν
1123 4153 1291 4227 Ἀτλαντικὴν
1311 4157 1353 4212 διὰ
1368 4165 1412 4230 τῆς
1429 4153 1502 4211 lirin·

339 4245 388 4309 κῆς
412 4238 512 4308 ὀρεινῆς
535 4237 658 4302 αίτιᾶται,
684 4238 866 4311 προωθοῦντας
886 4239 933 4310 μὲν
951 4245 1007 4299 ταῖς
1024 4241 1125 4312 ἐφόδοις
1143 4242 1187 4296 καὶ
1205 4242 1363 4315 πλήμμυραν
1381 4247 1499 4298 ποιοῦντας.

339 4323 496 4396 ίιφίλκοντας
522 4323 551 4378 δί
573 4330 630 4385 ταῖς
654 4325 811 4385 ἀναπαύλαις
828 4325 873 4378 καὶ
890 4325 1039 4396 ἀμπώτιδας
1056 4327 1302 4390 κατασκευάζοντας.
1340 4333 1401 4384 hine
1417 4327 1500 4382 intelle·

340 4415 411 4477 gitur
428 4413 500 4477 apud
518 4413 643 4463 Cnsmam
656 4409 786 4480 Τιμόθεος
805 4414 965 4466 mutandum
984 4427 1046 4466 esee
1065 4416 1092 4466 in
1105 4411 1212 4485 Τίμαιος
1230 4417 1442 4485 reliquorumque
1456 4415 1498 4466 elui

341 4499 489 4550 verborum
507 4499 662 4551 emendatio
682 4503 854 4552 monstratur.
892 4501 995 4552 monuit
1015 4515 1058 4552 ine
1077 4504 1177 4556 erroris
1194 4503 1402 4558 ldiillenhoiilua.
