3178 5136
333 376 407 450 490
727 389 770 450 Ει
792 406 888 451 nnana
911 389 1122 452 Braomnansr.

331 598 400 643 scsc
422 579 664 642 obstrinxerunt
687 579 764 640 haec
786 577 875 656 dicit,
901 577 928 638 si
948 575 1038 638 libris
1053 575 1148 638 fidem
1164 573 1328 654 habemus,
1348 565 1381 638 ἰν
1407 575 1490 658 (idest
1583 604 1587 653 ς

331 677 380 745 τὸν
403 673 499 767 ὅρκον)
529 671 608 751 ἄξιόν
637 681 716 744 ἐστιν
747 675 892 744 οἰκοῦσαι·
928 673 979 742 καί
1004 675 1061 764 γὰρ
1089 678 1227 741 παλαιῶν
1250 667 1341 741 ὄντων
1367 679 1419 741 τῶν
1438 673 1489 741 τότε

330 783 545 871 πεπραγμένων
568 777 649 868 ὅμως
673 784 782 870 ἰσχνῶς
804 781 882 846 ἔστιν
906 782 937 844 ἰν
959 783 1020 853 τοῖς
1042 780 1258 866 γεγραμμένοις
1280 779 1350 844 ἰδεῖν
1363 776 1412 864 rip
1425 779 1490 844 ἐκεί-

331 911 389 950 νων
417 882 538 972 spat-lo.
585 887 643 950 ssd
672 887 782 973 ἰσχνῶς
812 885 987 949 absurdum
1020 895 1078 948 est.
1127 884 1214 967 quod
1246 884 1413 946 Guilelmus
1430 885 1492 946 ltin-

331 992 450 1055 dorilus
480 1011 537 1072 pro
566 1012 602 1054 co
633 989 839 1054 scribendum
868 1009 937 1052 essa
967 989 1099 1052 coniecit
1130 987 1262 1073 ἰσχυρῶς
1291 1007 1352 1050 non
1374 990 1494 1068 congruit

331 1096 407 1156 satis
430 1114 503 1158 cum
525 1093 624 1156 verbo
647 1091 733 1173 quod
755 1103 803 1156 est
827 1091 911 1155 ἰδεῖν.
958 1091 1126 1154 Scheibius
1156 1092 1284 1171 scripsit
1305 1091 1418 1175 σοχνῶς
1437 1109 1497 1152 scn-

331 1199 528 1277 tcntiamque
550 1196 632 1258 dixit
654 1197 736 1258 hanc
758 1215 844 1275 asse,
885 1197 1001 1257 ‘tamon
1024 1193 1152 1256 abunde
1184 1195 1216 1256 in
1240 1194 1279 1256 iis
1301 1212 1381 1274 quac
1402 1194 1498 1272 scripta

330 1301 510 1381 accepimus
537 1299 648 1362 videro
677 1300 750 1360 licat
783 1317 894 1362 corum
922 1298 1106 1362 virtutem:’
1145 1291 1184 1359 τὰ
1211 1294 1402 1380 γεγραμμένα
1428 1297 1498 1358 onim

330 1405 446 1484 opponi
469 1403 530 1474 τοῖς
552 1401 781 1486 πεπραγμένοις.
823 1403 910 1482 atqui
935 1420 1038 1482 neque
1062 1401 1179 1485 σοχνῶς
1203 1409 1250 1462 cst
1272 1398 1391 1460 abundo
1412 1417 1500 1478 neque

330 1505 362 1568 ἰν
384 1505 446 1577 τοῖς
467 1503 683 1590 γεγραμμένοις
707 1515 792 1566 recte
817 1505 1046 1584 interpretatus
1064 1513 1123 1582 est,
1148 1504 1260 1564 saltem
1277 1519 1340 1562 non
1355 1501 1498 1564 adcurate.

331 1609 412 1670 nihil
434 1611 519 1670 enim
542 1609 737 1688 intellegitur
765 1609 827 1669 nisi
854 1608 1044 1688 simpliciter
1066 1608 1116 1670 ius
1139 1605 1218 1669 illud
1242 1604 1409 1668 iurandum
1431 1602 1500 1684 quod

331 1709 449 1774 deindo
471 1731 512 1773 ex
540 1713 657 1791 scripto
686 1711 848 1774 recitatur,
895 1720 1036 1791 praestat
1064 1708 1148 1789 quod
1171 1709 1286 1772 Coraes
1314 1705 1502 1769 scribendum

331 1833 400 1876 esse
431 1815 556 1894 putavit
585 1813 710 1892 ἱκανῶς,
743 1815 804 1874 nisi
827 1811 912 1892 quod
935 1814 1074 1894 languet.
1122 1831 1186 1874 non
1207 1810 1318 1874 dubito
1342 1813 1501 1891 Lycurgum

331 1917 496 1997 scripsisse
519 1908 600 1999 ὅμως
630 1911 713 2001 ἴχνος
741 1913 820 1979 ἔστὶν
844 1915 875 1978 ἰν
898 1915 959 1987 τοῖς
988 1915 1205 1999 γεγραμμένοις
1228 1912 1300 1976 ἰδεῖν
1322 1917 1376 1996 τῆς
1397 1911 1500 1976 ἐκείνω

333 2015 450 2104 ἀρετῆς.
497 2021 630 2100 pulchra
659 2020 776 2082 dicitur
808 2021 940 2100 antiqua
974 2019 1165 2082 Graecorum
1195 2017 1297 2080 virtus
1325 2023 1502 2078 sacramento

333 2123 377 2183 illi
401 2123 571 2202 vestigium
594 2124 795 2203 inpressisse.

416 2225 476 2287 L11.
523 2227 724 2307 Epigramma
751 2229 783 2288 in
814 2225 917 2287 insula
947 2225 1043 2287 Philis
1072 2233 1235 2305 repertum
1265 2220 1445 2300 aditumque
1468 2217 1500 2280 ab

333 2327 507 2389 llamiltono
524 2329 556 2389 in
571 2327 771 2410 Aegyptiacis
794 2349 826 2409 p.
846 2328 880 2388 tt
911 2338 942 2388 et
964 2347 982 2388 a
1004 2326 1102 2389 Gauio
1119 2327 1151 2388 in
1166 2327 1377 2387 Monumentis
1392 2321 1501 2386 ltubicts

332 2428 396 2492 tab.
414 2449 455 2492 ru
472 2431 510 2490 53
534 2433 683 2493 Francius
699 2432 731 2492 in
748 2433 853 2494 Museo
869 2431 1019 2500 llhcnano
1035 2449 1116 2492 novo
1138 2439 1160 2490 t.
1181 2447 1214 2490 ιιι
1230 2449 1262 2509 p.
1282 2429 1340 2491 sut
1369 2436 1400 2490 et
1413 2425 1498 2507 paullo

331 2543 438 2613 postca
468 2535 500 2595 in
525 2533 661 2614 Corpore
693 2535 933 2614 inscriptionum
958 2533 1148 2594 Graecarum
1164 2542 1186 2592 t.
1206 2549 1239 2592 ιιι
1255 2551 1288 2612 p.
1308 2532 1370 2592 l32
1390 2521 1492 2606 (tatii

332 2638 460 2717 repetiit
483 2638 624 2716 itemque
645 2639 835 2700 Lotronnius
859 2639 891 2698 in
915 2636 1039 2716 Sylloge
1063 2636 1304 2715 inscriptionum
1328 2634 1496 2696 Graecarum

283 2797 290 2804 .
332 2749 363 2802 ct
386 2741 566 2802 Latinarum
589 2738 723 2822 Aegypti
746 2750 768 2802 t.
788 2759 808 2800 n
825 2760 856 2821 p.
879 2739 950 2799 ⁴55.
991 2755 1104 2800 versus
1127 2737 1158 2798 hi
1181 2747 1266 2816 sunt,

504 2888 593 2976 Κάμὲ
615 2887 664 2956 τὸν
688 2889 830 2978 εἰιτίχνοο
853 2887 951 2978 φωτὸς
974 2889 1086 2977 στίχον,
1113 2881 1138 2952 ὦ
1161 2887 1238 2975 φίλε,
1267 2891 1350 2974 papa

546 2995 640 3080 τίμιον
664 2990 823 3079 ἀμπαύσας
845 2993 961 3080 ἔγμαὶλε
983 2992 1034 3058 καί
1055 2989 1182 3080 χάρισαι

504 3099 599 3169 λιταῖς
623 3097 765 3183 ἱστορίαις
788 3094 867 3162 λιτὸν
889 3091 992 3175 πόνον,
1016 3095 1068 3162 οἷα
1089 3096 1256 3180 πέπαιγμαι

487 3267 489 3272 ,
548 3196 583 3264 οὔ
606 3195 690 3278 κενοί,
716 3195 836 3286 μηνύων
860 3191 950 3286 οὗπερ
973 3199 1047 3287 ἔρον
1068 3189 1209 3284 γενέτοο.Ι

497 3297 610 3367 “route
633 3308 727 3368 καλοῦ
749 3298 888 3376 πλῶσας”
916 3301 990 3389 φησί
1005 3299 1023 3323 “
1033 3305 1095 3375 ξένε
1116 3297 1254 3389 χεύματα
1278 3298 1388 3366 Νείλου

547 3403 650 3492 καιρὸν
674 3405 737 3494 ἔχω
760 3407 869 3492 φωνεῖν
892 3403 1023 3492 Χαίρετε
1044 3401 1151 3480 πολλά,
1178 3405 1280 3469 Φίλαι.

501 3512 631 3593 νικῶμαι
652 3509 774 3596 πέτραις
795 3533 828 3574 τε
850 3507 902 3573 καί
925 3501 1053 3595 οὔρεσιν,
1081 3499 1105 3572 oi
1128 3501 1334 3593 καταράκται·

545 3607 631 3695 κάγῶ
653 3610 717 3699 ἔχω
739 3607 856 3698 τειίχειν
882 3609 1030 3697 ἱστορικὴν
1054 3610 1159 3676 σελίδα

501 3709 647 3798 νοστήσας
669 3711 721 3778 καί
745 3711 815 3778 ἰδῶν
840 3710 997 3801 Νικάνορα
1018 3711 1069 3780 καί
1091 3715 1175 3800 γένος
1197 3706 1284 3778 ἄλλο.

533 3802 604 3902 ᾗς-
618 3816 800 3882 κατοὶλοιπον
823 3817 904 3904 ἔχω·
929 3821 1015 3884 τοῦτο
1038 3812 1095 3904 γάρ
1118 3818 1181 3882 ἐστι
1202 3811 1316 3889 τέλος.”

332 3992 428 4036 versu
450 3983 562 4054 quarto
593 3969 762 4037 ΟΥΚΕΝΑ
792 3975 877 4056 quod
907 3977 939 4035 in
968 3973 1074 4054 lapide
1102 3983 1150 4036 est
1172 3975 1322 4036 Franzius
1344 3981 1449 4033 temera
1468 3965 1491 4022 in

331 4069 440 4140 οὐδένα
462 4078 607 4139 mutavit.
641 4095 736 4140 versu
759 4076 952 4158 paenultimo
974 4067 1060 4155 ἄλλο,
1086 4075 1172 4157 qnod
1193 4074 1234 4138 ad
1256 4074 1342 4158 γένος
1362 4073 1488 4154 pertinet.

331 4180 481 4242 Francius
504 4189 535 4242 et
558 4181 745 4243 Latronnius
767 4199 839 4242 cum
855 4178 1065 4260 sequentibus
1082 4180 1163 4241 male
1179 4180 1415 4242 coniunxerunt.
1445 4167 1489 4233 sod

332 4281 416 4344 idem
445 4284 595 4346 Franzius
625 4284 656 4344 in
685 4285 789 4346 Museo
811 4284 961 4344 llhonano
991 4285 1113 4364 primus
1146 4283 1251 4344 lusum
1283 4273 1489 4364 epigrammatis

330 4385 466 4465 aperuit,
492 4404 597 4466 ncquc
621 4385 654 4446 id
676 4385 805 4448 difficile
832 4394 901 4447 crat
922 4387 949 4446 si
973 4386 1045 4466 quis
1066 4384 1107 4446 ad
1129 4384 1276 4448 ultimum
1300 4385 1365 4447 cius
1384 4393 1488 4442 venun

331 4497 363 4550 et
385 4487 425 4552 ad
448 4485 548 4573 στίχον
571 4489 724 4570 singulari
747 4507 879 4551 numero
910 4489 942 4549 in
973 4487 1127 4569 principio
1157 4489 1306 4551 carminis
1327 4470 1434 4550 dictum
1451 4487 1488 4540 tl·
