3156 5132
526 417 693 482 Aaronom.
1131 403 1206 477 365

42 605 129 667 Ennii.
173 607 231 670 sed
253 610 360 670 nescia
383 611 438 689 qui
462 608 576 670 lactum
600 611 641 671 sit
656 619 691 671 ut
706 607 912 670 obliviscerer
927 607 1059 670 duarum
1075 610 1207 671 aliorum

41 711 194 772 carminum
224 714 256 772 im
287 711 405 791 quibus
429 714 611 775 vetustioris
634 714 787 793 poematis
810 714 959 774 memoria
982 713 1128 776 similiter
1149 712 1208 775 ad-

39 813 176 875 miscetur.
216 833 289 876 nam
306 813 391 896 quod
407 817 440 876 in
457 817 615 897 Sulpiciae
631 818 726 876 satira
744 834 773 876 v.
792 816 833 878 32
855 817 981 896 legitur,
1008 823 1062 877 aut
1073 815 1207 897 frustra!

43 915 131 977 l'eaeri
149 918 343 999 mendumque
357 920 508 1000 Diespiter
530 919 600 980 olim
626 919 809 1000 ‘Imperium
832 919 897 980 siae
908 919 969 999 fiae
984 917 1065 981 dedi'
1090 919 1232 982 dimissas

37 1017 178 1097 probatur,
210 1020 292 1084 dixit
322 1022 400 1085 illud
430 1022 573 1103 luppiter
601 1021 731 1102 Vergilii
760 1019 842 1082 Aen.
861 1041 869 1082 ι
886 1021 960 1084 279.
993 1021 1075 1084 dixit
1101 1033 1208 1085 autem

38 1121 152 1186 l'eneri:
178 1123 264 1187 unde
287 1124 372 1205 quod
395 1129 429 1188 in
445 1127 604 1207 Sulpiciae
628 1144 723 1186 versu
745 1129 897 1206 scriptum
914 1136 981 1188 erat
994 1128 1093 1188 umori
1106 1126 1209 1188 homi-

38 1243 83 1284 nes
108 1224 189 1289 doati
221 1231 253 1291 in
285 1231 389 1292 Veneri
417 1241 502 1292 recte
532 1242 705 1295 mutarunt.
752 1251 824 1294 nam
846 1231 955 1292 umeri
974 1240 1007 1291 et
1027 1232 1125 1292 umori
1145 1239 1208 1292 tam

39 1328 106 1389 iuter
131 1349 166 1392 se
194 1332 310 1394 litteris
340 1335 455 1396 similia
485 1345 559 1396 sunt
590 1346 623 1398 ut
653 1336 750 1397 mnlto
772 1337 814 1397 sit
837 1331 1021 1396 credibilius
1044 1332 1209 1395 librarium

38 1431 157 1510 aliquem
180 1455 329 1515 peccasse
352 1455 447 1517 quam
471 1436 593 1500 doctam
617 1439 784 1502 mulierem
807 1440 840 1499 in
863 1434 1037 1517 repetenda
1053 1439 1207 1498 notissimi

38 1538 169 1598 carminis
192 1543 342 1602 memoria
366 1542 486 1623 lapsana
502 1561 583 1604 esse.
631 1543 712 1606 alter
734 1551 825 1624 poeta
848 1543 938 1604 cuius
954 1542 1135 1603 meminisse
1151 1539 1210 1602 de-

39 1635 135 1700 bebam
159 1642 319 1705 Phaedrus
341 1653 402 1724 est,
427 1647 483 1725 qui
507 1647 539 1706 in
563 1645 756 1726 praelatione
779 1643 852 1706 libri
869 1663 903 1706 ιιι
928 1663 958 1706 v.
976 1643 1017 1706 27
1041 1645 1082 1705 ita
1106 1644 1210 1724 loqui-

38 1749 92 1820 tur,
121 1744 175 1806 sed
198 1747 260 1807 iam
282 1747 486 1830 quodcumque
505 1747 621 1830 fuerit,
653 1757 687 1812 ul
708 1749 791 1812 drmit
814 1749 925 1828 Siaaa,
950 1743 998 1808 Ad
1019 1765 1120 1830 reqem
1142 1765 1210 1808 auru

38 1845 199 1909 dardaniae
223 1850 391 1931 perductus
417 1851 515 1933 soret,
546 1851 672 1915 Librum
694 1850 832 1914 eacrabo
854 1852 976 1913 tertium
997 1835 1111 1933 Aesopi
1128 1851 1207 1927 stila,

37 1949 138 2011 Honori
158 1959 184 2012 et
205 1955 322 2015 meritis
345 1954 490 2018 dedicaras
513 1957 598 2019 illum
622 1957 694 2018 tuis.
742 1957 887 2034 Sinonis,
919 1973 936 2015 a
960 1957 1050 2016 cuius
1073 1972 1211 2015 comme-

39 2057 189 2116 moratione
220 2057 318 2119 nnulto
347 2059 461 2122 melius
491 2070 557 2121 erat
586 2058 765 2138 abstinere,
798 2059 876 2122 heco
904 2067 978 2120 sunt
1005 2055 1085 2118 Aen.
1110 2075 1132 2118 ιι
1153 2056 1206 2135 77,

38 2165 128 2218 inacta
151 2158 286 2240 equidem
308 2160 371 2239 tibi,
396 2181 469 2239 rem,
491 2161 589 2244 fuerit
611 2163 826 2245 quodcumqae,
848 2160 968 2243 fatebor
994 2163 1081 2223 Vera.

107 2262 260 2333 Quoniam
283 2273 389 2326 autem
411 2264 452 2326 ad
475 2264 651 2328 Phaedrum
676 2265 754 2330 lorte
777 2265 902 2328 delatus
925 2284 1014 2344 sum,
1039 2263 1119 2326 duos
1141 2265 1211 2326 eius

41 2365 191 2426 versiculos
214 2366 352 2430 conabor
373 2366 556 2431 emendare.

107 2467 233 2530 lnitium
255 2470 461 2552 praelationis
484 2471 557 2535 libri
574 2491 596 2534 ιι
619 2476 662 2535 ita
685 2476 837 2554 scriptum
861 2473 988 2552 legitur,

226 2575 385 2656 Exemplis
407 2577 576 2638 continetur
597 2574 708 2657 Aesopi
727 2593 834 2659 qartus,

225 2697 279 2741 oea
301 2677 388 2740 aliud
409 2682 570 2762 quiequam
589 2699 647 2762 per
666 2678 799 2761 sabellos
822 2681 981 2761 quaerimur

224 2800 316 2864 qraam
338 2783 513 2866 eorriqatur
535 2803 625 2845 error
647 2791 681 2844 ut
701 2783 877 2844 mortalium

225 2893 374 2968 acuatque
396 2905 460 2948 sese
482 2887 611 2970 dilipeas
634 2887 800 2949 industria.

38 2979 136 3046 irustra
158 2986 288 3050 luerunt
304 2992 358 3069 qui
376 2985 486 3072 Aesopi
498 3009 593 3073 qeuus
610 2990 768 3071 explicare
784 2987 986 3068 studuerunt,
1002 2987 1087 3069 quod
1103 2999 1208 3051 autem

38 3085 181 3152 Brntleius
203 3093 342 3172 scripsit,
367 3091 533 3156 humanum
556 3111 662 3177 qartus,
686 3112 746 3173 per
767 3111 801 3154 se
825 3091 955 3173 quidem
977 3095 1132 3173 optimum
1148 3103 1206 3172 est,

39 3189 84 3248 serl
105 3196 168 3255 reri
190 3204 277 3256 caret
300 3194 520 3258 similitudine.
568 3197 645 3258 mihi
669 3195 848 3258 librariusa
866 3194 982 3257 Graeco
1004 3195 1154 3258 vacabulo
1169 3195 1211 3258 ad

38 3291 135 3375 Aesopi
158 3317 273 3360 namen
296 3297 473 3380 aberrasse,
499 3299 659 3362 Phaedrus
681 3310 787 3361 autem
810 3302 976 3381 scripsisse
999 3300 1128 3364 videtur

293 3403 451 3484 Ememplis
474 3405 644 3466 continetur
664 3403 786 3484 apologi
808 3421 915 3485 pertus.

40 3515 101 3560 nem
121 3507 212 3567 etiarn
234 3523 297 3567 nou
320 3515 561 3569 commemorato
581 3515 673 3568 antea
688 3504 802 3587 Aesopi
820 3509 947 3568 nomine
963 3527 1025 3571 non
1041 3505 1210 3569 obscurum

40 3607 173 3684 estquod
197 3618 304 3690 postea
328 3608 445 3672 dicitur
465 3608 601 3692 equidem
623 3611 706 3672 amai
726 3628 804 3670 cura
825 3627 938 3671 marem
961 3609 1088 3672 servabo
1106 3612 1209 3673 satu:

39 3721 129 3786 neque
149 3715 271 3792 putavit
286 3712 456 3776 obscurum
471 3731 541 3774 esse
557 3712 729 3774 Bentleius.
766 3712 913 3775 similiter
928 3723 1033 3775 autem
1049 3711 1211 3775 Phaedrus

40 3805 144 3874 loeutus
164 3827 212 3878 est
235 3819 267 3877 im
291 3817 483 3897 praelatione
507 3814 579 3876 libri
597 3834 630 3877 ιιι
654 3835 685 3877 v.
704 3816 764 3894 33,
796 3835 878 3878 auae
894 3815 1076 3898 fabularum
1099 3817 1212 3879 currit

41 3909 175 3980 immitam
196 3939 291 4002 pomus
313 3923 410 3983 Breoi
430 3918 547 3982 docebo.

114 4018 294 4086 Pabularum
318 4043 336 4086 a
360 4025 481 4086 Perotto
505 4032 700 4084 servatarum
723 4021 867 4085 decimae
891 4025 1015 4085 initium
1038 4022 1080 4084 ab
1095 4021 1211 4084 Orellio

41 4115 75 4174 ita
96 4122 246 4206 scribitur,

227 4231 327 4306 Qum
349 4232 517 4293 castitatem
541 4232 617 4292 lurra
640 4229 781 4293 laudaret
804 4249 904 4307 suam,

227 4335 323 4396 iocum
346 4334 485 4417 aqitaadi
504 4353 630 4397 causam
652 4354 713 4396 aaa
735 4335 868 4416 reppulit
895 4335 1001 4408 Versus,

227 4437 401 4520 nullamque
422 4445 456 4500 ut
478 4438 656 4519 adfirmaret
678 4457 742 4501 esse
764 4439 812 4500 illi
829 4456 948 4520 parem,

228 4541 431 4624 iuterraqasse
453 4542 498 4604 sie
518 4541 667 4625 qalir'uam
689 4541 813 4604 dieitur.

88 4641 200 4700 Hnulii
213 4655 323 4708 opuscula
337 4657 376 4700 111.
970 4659 1002 4712 24
