3156 5132
571 402 740 463 Antisara.
1177 390 1251 462 345

76 591 144 654 tavit
165 591 260 652 Silius
283 590 409 653 italicus
437 609 509 652 eum
538 589 620 653 dixit
642 609 691 651 ιιι
709 593 769 651 tas
793 598 857 653 utne
885 610 961 674 ynae
988 595 1137 656 nectareis
1167 602 1255 658 vocat

74 691 111 753 ad
133 701 282 756 certamen
305 695 461 774 Hymetton
484 691 601 755 eludam
622 692 722 774 Hybla
740 694 825 775 favr's
844 695 1024 777 palmaeque
1046 696 1174 760 arbusta
1198 699 1254 759 Se-

73 795 157 857 linus.
197 797 338 881 lleynius
353 796 484 878 quidem
501 797 607 860 niinus
622 807 767 860 accurate
782 799 910 879 scripsit
925 799 1124 862 Selinuntem
1139 801 1253 882 palmis

71 897 241 978 agrestibus
268 899 449 963 abundasse
479 919 519 961 ex
543 899 706 963 Ciceronis
728 902 819 962 Vere.
839 921 856 961 r
879 898 953 983 §87
983 905 1060 964 satis
1087 914 1248 966 constare:

71 1020 137 1062 nam
165 1003 207 1064 ita
238 1003 291 1064 ille
322 1003 479 1085 loquitur,
508 1010 706 1085 posteaquam
733 1005 837 1085 paullo
861 1013 1005 1085 provecta
1027 1007 1137 1068 classis
1159 1014 1252 1070 estet

72 1091 235 1186 Pachynum
257 1108 359 1188 yuinto
382 1106 431 1168 dic
453 1106 580 1187 deniqne
602 1106 752 1188 adpulsa,
777 1114 891 1170 nautae
913 1110 1008 1170 coacti
1024 1107 1109 1189 fante
1131 1109 1252 1174 radices

68 1209 234 1288 palmarum
265 1211 450 1293 agrestium,
481 1227 614 1291 quaram
642 1217 711 1272 erat
739 1211 770 1272 in
793 1210 856 1272 illis
878 1211 950 1274 locis
972 1213 1064 1274 sicuti
1085 1214 1117 1274 in
1139 1232 1252 1296 amynta

69 1320 148 1391 parte
170 1313 294 1376 Siciliae
322 1313 498 1390 multitado,
531 1311 709 1396 eolliyebant
734 1321 764 1376 et
791 1314 834 1376 eis
862 1317 973 1376 misere
992 1315 1163 1397 perditique
1186 1317 1251 1379 ale-

70 1413 183 1477 bantur.
229 1417 330 1480 nihilo
354 1427 458 1480 mmen
481 1417 587 1479 minus
610 1427 695 1479 certa
718 1427 766 1478 est
790 1417 1010 1499 interpretatio
1034 1419 1149 1498 Servii,
1174 1422 1252 1482 civi-

69 1523 111 1580 tos
132 1527 174 1582 est
195 1521 288 1583 inmte
310 1521 503 1602 Lilybaeum,
535 1519 697 1582 abundans
717 1519 848 1602 palmis,
881 1520 989 1603 quibus
1011 1530 1193 1600 nescienter,
1224 1531 1253 1586 et

69 1623 140 1701 opio.
185 1633 294 1687 notum
318 1635 366 1686 est
389 1625 474 1687 enim
498 1625 581 1684 eirca
598 1622 797 1686 Selinuntem
820 1621 915 1687 hodie
939 1643 1066 1706 quoque
1088 1624 1182 1688 valde
1197 1645 1251 1688 co-

69 1725 162 1804 piosas
184 1745 255 1790 esse
278 1728 514 1809 chamaeropes,
541 1736 576 1789 ut
598 1726 732 1789 adactis
753 1727 912 1791 berberiis
926 1729 1002 1790 vitio
1019 1730 1250 1811 exemplarium

70 1827 216 1892 Plinianae
245 1831 396 1894 historiae
419 1830 593 1912 diligenter
615 1840 800 1893 conservato
822 1829 984 1894 dicuntur.
1032 1851 1145 1896 verum
1166 1833 1250 1895 sole-

69 1927 135 1993 bant
162 1935 357 2014 grammatici
380 1934 481 1996 Latini
511 1934 544 1995 in
564 1933 770 1996 carminibus
792 1935 982 2016 Vergilianis
1010 1935 1132 2016 pariter
1153 1945 1249 2018 atque

69 2031 95 2094 in
115 2036 288 2100 Homericis
310 2039 421 2102 Graeci
451 2047 562 2119 aperte
584 2046 617 2099 el
638 2038 795 2120 simplicia
818 2057 973 2120 spernere
996 2038 1170 2120 ineptaque
1193 2057 1250 2102 cu-

69 2137 195 2202 riositate
219 2139 354 2205 obscura
377 2151 409 2204 et
431 2142 586 2224 perplexa
608 2129 769 2204 sciscitari¹
792 2150 888 2222 atque
904 2142 1115 2204 comminisci:
1141 2155 1308 2224 nequeant

69 2259 115 2303 nos
136 2262 327 2326 magnopere
351 2247 398 2308 eis
419 2264 655 2324 succensemus,
681 2245 831 2326 quoniam
854 2264 914 2327 per
936 2247 1027 2308 istam
1047 2245 1249 2308 sedulitatem

70 2341 172 2408 iactum
195 2357 245 2412 est
266 2359 303 2410 ut
324 2349 495 2412 multarum
520 2368 628 2411 rernm
650 2366 729 2429 quas
752 2349 845 2412 aliter
864 2349 1082 2430 ignoraremus
1098 2349 1249 2412 memoria

70 2461 310 2514 conservaretur.
359 2454 465 2534 itaque
482 2453 612 2516 Servius
627 2451 767 2514 Danielis
790 2452 849 2514 hoc
871 2451 972 2532 addit,
997 2473 1039 2514 an
1057 2453 1197 2534 palmosa
1211 2451 1249 2514 ab

71 2556 140 2633 rpus
161 2554 334 2618 nobilibus?
361 2557 394 2618 in
417 2557 545 2618 scholiis
567 2565 674 2618 autem
697 2554 933 2618 Veronensibus
956 2557 1056 2618 Maius
1079 2556 1137 2617 hoc
1158 2555 1245 2637 legit,

72 2654 186 2737 Selyrurs
200 2705 485 2722 ............
500 2659 716 2740 olympionicas
746 2661 839 2722 mallo
873 2657 990 2741 (multos
1013 2658 1122 2741 liuius)
1150 2659 1250 2740 fuisse

71 2758 198 2838 adfirmat
220 2763 366 2826 ltilestos.
412 2761 616 2825 manifestum
646 2774 696 2826 est
725 2762 822 2826 luisse
835 2764 901 2843 ,qui
925 2763 1082 2844 palmosae
1106 2760 1246 2824 vocabu-

72 2859 126 2922 lum
151 2867 228 2926 satis
256 2863 389 2947 quidem
420 2867 528 2948 inepte
552 2866 712 2929 referrent
734 2865 774 2930 ad
799 2867 994 2948 Olympiacae
1015 2867 1155 2947 praemia
1176 2867 1249 2947 pal-

72 2981 136 3042 mae,
159 2977 193 3030 nt
208 2969 367 3049 Vergilius
382 2968 496 3050 Georg.
516 2987 550 3030 ιιι
567 2971 606 3030 ta
630 2970 782 3051 loquitur,
808 2969 905 3051 idque
928 2969 1092 3050 scriptoris
1114 2969 1248 3030 alicuius

71 3071 237 3134 auctoritate
266 3082 470 3135 exornarent.
517 3072 575 3136 sed
597 3074 731 3136 Milesios
753 3083 806 3136 aut
830 3073 910 3135 male
933 3075 966 3135 iu
990 3073 1070 3134 libro
1093 3074 1246 3152 scriptum

72 3179 113 3230 est
130 3185 180 3235 aut
200 3174 318 3238 lectum
341 3177 422 3239 male
445 3177 566 3238 altaio.
613 3195 677 3238 nou
701 3176 812 3239 dubito
832 3187 937 3239 autem
954 3175 1160 3239 scribendum
1177 3195 1246 3239 esse

75 3271 213 3355 Pln'listos,
245 3278 437 3342 Graecanica
465 3280 602 3341 nominis
626 3279 742 3361 forma,
774 3281 877 3362 qualis
900 3281 1080 3342 Latinorum
1111 3280 1247 3360 scripto-

74 3391 142 3454 rum,
158 3384 343 3460 praesertim
359 3384 646 3464 grammaticorum,
661 3383 882 3446 consuetudini
900 3384 1028 3445 minime
1044 3381 1243 3445 adversatur.

73 3489 195 3544 ceterum
228 3486 314 3548 inter
341 3487 567 3570 olympionicas
596 3506 730 3568 quarum
760 3489 912 3550 memoria
941 3487 980 3550 ad
1013 3505 1068 3548 nos
1097 3487 1246 3566 pervenit

75 3581 164 3646 nullus
185 3598 232 3649 est
254 3589 464 3653 Selinuntius.

145 3689 243 3751 xvlll.
270 3692 403 3756 Carmen
427 3695 607 3776 Priapeium
623 3713 708 3756 xxxvl
732 3713 795 3757 non
819 3695 983 3775 inelegans
1006 3704 1065 3755 est.

279 3797 374 3860 Notas
396 3797 540 3860 babemus
562 3799 687 3880 quispim
708 3800 845 3880 corporis
865 3797 998 3881 formos.

284 3900 415 3964 Phoebas
437 3920 583 3982 comosus,
611 3901 757 3964 Hercules
780 3903 957 3981 lacertosus,

281 4005 375 4067 trabit
393 4006 526 4088 fiynram
549 4007 680 4087 oiryims
702 4013 786 4067 tener
809 4005 958 4082 suemus,

280 4109 422 4170 Mineruia
441 4109 523 4189 tlaoo
545 4109 659 4170 lumine
682 4117 735 4184 est,
767 4111 863 4170 Venus
883 4116 982 4190 paeto,

276 4211 408 4292 frontem
431 4214 557 4274 crinitos
580 4207 720 4274 Arcadas
742 4211 827 4274 vides
851 4213 982 4286 Faunos,

279 4314 369 4377 babet
387 4315 522 4378 decenne
544 4319 671 4378 nuntius
693 4314 781 4377 deum
800 4315 937 4396 plantes,

280 4420 373 4482 tutela
395 4422 501 4482 Lemni
521 4415 663 4500 dispares
685 4425 781 4480 movet
801 4437 938 4501 yressru,

280 4524 399 4585 intonsa
422 4541 540 4604 semper
562 4519 740 4604 Aesnrlopio
763 4521 898 4600 barbast,
