3178 5136
579 383 683 443 Vsum.
972 422 974 428 r
1153 369 1224 441 505

53 567 127 649 quod
153 561 293 650 oxJEru
315 578 424 631 natum
452 587 521 632 esse
551 568 726 632 Lobeckius
758 570 912 650 suspicari
942 569 1088 650 videtur,
1120 572 1226 634 minus

55 682 139 750 recte,
163 683 200 736 ut
214 682 302 753 puto.
334 671 577 752 adquiescemus
599 673 697 752 igitur
720 672 751 732 in
768 672 966 753 Epimenidis
981 676 1120 736 nomine.
1153 693 1227 736 nam

54 773 127 854 quod
163 775 334 856 Sopingius
374 773 414 836 ad
448 775 595 855 Hesycbii
628 768 786 858 Βουζόγης
818 774 987 856 adscripsit
1023 775 1155 838 fortasse
1193 777 1226 838 in

52 877 169 938 Ausonii
193 895 290 939 versu
313 875 546 940 restituendum
576 896 645 940 esse
668 878 817 940 Medimon
847 879 926 940 nibil
953 877 1122 940 admodum
1152 896 1227 959 pro-

53 979 124 1041 dest.
149 981 266 1060 legitur
287 979 373 1060 apud
395 980 585 1060 Hesychium
608 974 744 1066 Μεδίμῳ,
769 972 847 1066 ἥρῳ,
873 980 929 1044 sed
944 982 1037 1044 heros
1059 982 1112 1043 ille
1135 1000 1227 1062 pror-

53 1101 99 1144 sus
119 1081 273 1144 obscurus
295 1093 343 1145 εει
357 1100 464 1162 neque
486 1093 614 1162 praetor
628 1084 818 1165 Hesychium
842 1103 859 1146 a
875 1103 1032 1164 quoquam
1048 1103 1228 1146 conmemo-

53 1195 142 1246 ratur.
182 1184 269 1248 unde
285 1186 445 1247 levissima
468 1194 613 1248 uteretur
627 1187 806 1249 coniectura
828 1188 856 1248 si
872 1189 944 1266 quis
964 1185 1008 1267 (ut
1022 1196 1096 1249 sunt
1111 1185 1226 1248 feracia

53 1287 293 1368 mythologorum
315 1284 454 1369 ingenia)
480 1305 595 1349 nomen
624 1287 702 1350 illud
725 1309 796 1351 cum
820 1287 952 1373 μεδίμνῳ
975 1289 1144 1350 cohaerere
1166 1306 1227 1368 pu-

52 1399 123 1451 taret
165 1401 199 1452 et
237 1392 412 1453 llensorem
455 1390 593 1470 aliquem
637 1391 930 1455 comminisceretur
969 1390 1224 1454 frumentarium.

51 1492 163 1554 accedit
186 1492 272 1574 quod
294 1491 444 1554 Medimoo
466 1512 528 1556 non
551 1503 654 1574 potest
669 1492 766 1555 scribi
790 1495 851 1557 nisi
875 1505 929 1557 aut
943 1493 1090 1558 addimus
1105 1493 1227 1573 aliquid

53 1615 106 1674 quo
134 1615 247 1658 versus
275 1581 431 1658 nu'meros
461 1615 533 1658 suos
560 1597 694 1676 accipiat
722 1606 776 1658 aut
803 1599 969 1660 statuimus
989 1595 1163 1684 Ausonium
1193 1597 1268 1656 into

14 1711 16 1726 ·
54 1697 211 1760 metiendis
233 1698 346 1760 Graeci
368 1699 505 1761 nominis
528 1697 658 1780 syllabis
681 1699 732 1759 bic
754 1699 879 1780 turpius
908 1700 1002 1761 etiam
1034 1718 1129 1780 quam
1151 1699 1228 1760 alias

53 1817 201 1878 peccasse.

128 1903 217 1977 Quod
254 1905 286 1966 iu
321 1905 463 1985 proximo
494 1923 591 1967 versu
626 1905 778 1986 scriptum
814 1914 861 1966 cst
894 1905 1066 1967 Tullianum
1103 1906 1228 1972 isaacus

53 2005 169 2068 Vossius
191 2007 223 2068 in
246 2007 414 2069 Bolicmtm
436 2005 621 2069 mutandum
644 2025 714 2068 esse
737 2009 877 2086 censuit,
903 2026 920 2068 a
942 2008 1047 2086 Bulla,
1079 2016 1114 2070 ut
1137 2007 1224 2086 dicit,

14 2101 15 2104 ’
52 2109 167 2170 civitate
192 2107 327 2172 Atticae.
381 2109 510 2172 videtur
543 2110 726 2172 somniasse.
774 2108 1035 2188 Wyttenbachius
1069 2110 1226 2171 Plutarchi

51 2221 70 2269 ι.
86 2230 113 2272 vr
127 2230 158 2291 p.
177 2213 240 2273 897
260 2213 432 2275 Tullianum
454 2232 494 2275 ex
516 2211 725 2274 antecedente
745 2213 836 2275 Tullii
852 2212 1091 2293 frumentariam
1105 2221 1227 2274 temere

52 2324 150 2375 natum
173 2333 242 2376 csse
266 2315 396 2396 putavit.
430 2315 550 2377 scilicet
572 2333 635 2376 uon
659 2315 750 2395 longe
773 2313 814 2376 ab
837 2315 926 2376 initio
949 2313 1103 2394 epistulae
1125 2312 1227 2377 Auso-

54 2417 116 2478 nius
138 2417 222 2479 illam
238 2417 399 2480 Ciceronis
421 2419 593 2480 orationem
616 2428 837 2497 conmemorat,
863 2416 919 2480 sed
943 2418 1028 2479 inter
1047 2417 1138 2479 Tullii
1153 2416 1227 2498 sru-

54 2523 225 2582 mcttcrt'cm
262 2529 294 2582 ει
327 2521 498 2582 Tullianum
520 2538 633 2583 versus
662 2530 736 2582 sunt
764 2530 912 2600 quattuor
937 2531 969 2580 et
998 2519 1228 2600 quinquaginta

54 2640 147 2702 neque
168 2624 242 2686 licet
263 2632 326 2684 tam
351 2642 391 2684 ex
406 2623 576 2703 longinquo
599 2624 753 2704 originem
776 2621 883 2684 mendi
907 2632 1065 2702 repetere.
1099 2623 1225 2684 omnino

53 2734 147 2786 autem
169 2724 387 2806 quaerendum
410 2735 459 2788 est
480 2745 556 2787 num
580 2726 620 2788 sit
642 2725 792 2786 mendum
823 2727 857 2787 in
880 2725 931 2785 illo
958 2743 1064 2786 versu.
1112 2723 1225 2804 quodsi

54 2830 128 2888 enim
149 2828 335 2910 adparuerit
357 2838 411 2890 aut
433 2837 519 2890 certe
541 2827 609 2890 veri
639 2828 742 2890 simile
771 2826 930 2890 redditum
961 2825 1057 2888 fuerit
1079 2827 1224 2907 Buzygen

53 2949 67 2988 a
88 2931 233 2995 Cicerone
255 2931 370 2993 alicubi
394 2950 463 2994 esse
486 2940 768 3010 conmemoratum,
793 2950 855 2992 non
878 2928 1067 2991 mirabimur
1089 2928 1225 3009 amplius

59 3034 218 3096 lollianum
243 3036 399 3117 Besypett.

129 3138 171 3199 De
193 3139 317 3218 Buzyge
348 3155 417 3198 cnm
448 3137 500 3197 alii
532 3136 734 3217 disputarunt
754 3145 828 3220 ,tum
855 3135 1025 3215 diligenter
1047 3133 1224 3197 Ludovicus

56 3240 206 3302 Bosslerus
229 3241 262 3300 in
286 3237 366 3301 libro
396 3258 490 3319 quem
514 3238 554 3300 de
582 3238 731 3320 gentibus
761 3249 793 3301 ει
822 3237 949 3299 familiis
971 3235 1091 3300 Atticae
1121 3255 1226 3298 sacer-

55 3339 199 3404 dotalibus
227 3341 424 3420 conscripsit.
481 3350 529 3402 est
557 3341 650 3402 etiam
679 3340 733 3403 ubi
764 3341 862 3403 falsus
898 3359 967 3402 esse
995 3338 1143 3402 videatur
1172 3348 1226 3401 aut

56 3453 130 3504 certe
154 3443 356 3525 opinionibus
385 3445 517 3506 nimium
547 3442 729 3506 indulsisse.
777 3461 859 3524 quae
887 3444 958 3512 nolo
985 3443 1153 3523 persequi,
1185 3461 1226 3502 ne

57 3543 166 3625 longius
186 3545 341 3608 abducar:
368 3545 535 3609 continebo
557 3566 607 3609 me
623 3547 727 3627 potius
747 3545 788 3606 ab
810 3547 858 3608 eis
879 3564 960 3626 quae
975 3543 1015 3606 ad
1038 3545 1226 3624 intellegen-
1262 3539 1266 3546 ’

56 3645 122 3710 dum
134 3648 263 3713 Ausonii
280 3667 408 3712 carmen
431 3649 550 3712 nullam
569 3648 695 3711 adferre
711 3658 843 3729 possunt
857 3647 1036 3710 utilitatem.
1068 3643 1226 3708 Ausonius

57 3749 140 3828 igitur
166 3751 393 3833 Triptolemum
423 3751 562 3814 eundem
590 3751 688 3814 luisse
718 3751 839 3832 putavit
868 3759 963 3831 atque
985 3751 1143 3830 buzygen.
1190 3767 1226 3810 ac

56 3869 120 3916 sane
134 3857 201 3917 veri
216 3856 412 3918 simillimum
429 3865 476 3917 est
491 3856 589 3918 fnisse
605 3854 742 3917 eundem
758 3865 813 3917 aut
828 3863 925 3932 certe,
946 3871 1017 3914 cum
1034 3850 1074 3912 de
1089 3861 1224 3931 utroque

56 3955 156 4020 similia
170 3966 390 4036 narrarentur,
416 3958 551 4019 alterum
567 3975 638 4018 cum
661 3957 758 4019 altero
774 3956 936 4036 paullatim
960 3973 1029 4016 esse
1046 3951 1221 4015 confusum.

55 4064 85 4115 ut
104 4063 202 4122 statim
226 4058 307 4122 illud
321 4068 452 4140 propter
466 4059 551 4139 quod
566 4060 709 4140 Buzyges
724 4075 838 4120 nomen
854 4057 976 4138 accepit
991 4057 1084 4118 etiam
1099 4054 1225 4135 Tripto-

57 4155 126 4220 lemo
148 4159 360 4224 tribuebatur.
407 4163 483 4224 satis
507 4171 555 4223 est
577 4178 810 4222 conmemorare
834 4159 918 4240 quod
936 4159 1054 4221 Plinius
1077 4157 1154 4220 dicit
1168 4156 1223 4220 ubi

58 4257 162 4324 indicat
189 4282 271 4344 quae
294 4265 448 4344 cuiusque
478 4266 607 4326 inventa
636 4264 716 4343 sint,
742 4263 809 4324 Nat.
835 4263 910 4324 hist.
928 4280 969 4323 ur
985 4259 1002 4344 §
1019 4262 1098 4340 499,
1123 4259 1225 4322 bovem

58 4367 81 4420 et
100 4373 232 4428 orotmm
246 4368 386 4450 Buayyea
408 4363 607 4446 Adteniecat's,
632 4373 667 4428 ot
680 4365 736 4427 atii
753 4365 961 4446 Triptolemus.
993 4382 1086 4444 porro
1102 4363 1225 4444 Tripto-

59 4461 127 4526 lemo
147 4469 372 4532 tribuebantur
386 4469 624 4550 antiquissimae
639 4467 796 4548 quaedam
810 4478 843 4529 et
857 4467 1108 4547 simplicissimae
1123 4466 1222 4546 lech,
