3156 5132
339 319 412 392 372
733 333 778 394 Ex
800 352 896 394 ιιιιιιιιι
919 335 1127 395 Bmoursrnsr.

337 522 423 606 apud
439 523 611 586 lulianum:
639 533 670 585 et
694 533 797 604 potest
820 521 894 586 inde
918 524 1149 604 aliquantulum
1172 523 1241 606 oapi
1264 523 1413 588 utilitatis.
1446 530 1501 608 epi-

339 627 522 690 thalamium
553 625 705 690 habemus
734 628 893 690 Laurentii
925 633 955 688 et
977 627 1093 690 Mariae
1122 625 1163 689 ab
1193 629 1297 708 ignoto
1324 629 1502 711 ignobilique

242 731 244 738 ’
339 739 429 813 poeta
458 731 672 811 conpositum,
706 730 792 813 quod
814 751 831 792 a
854 731 978 794 Nicolao
1001 731 1128 794 Heinsio
1151 750 1192 792 ex
1213 740 1334 794 vetusto
1357 731 1502 794 Claudiani

253 869 255 874 ·
338 833 445 896 codice
473 832 679 897 ambrosiano
709 831 904 915 descriptum
927 835 1126 897 Burmannus
1155 835 1187 897 in
1209 834 1393 916 dntbologia
1414 836 1503 897 latina

338 947 361 1000 t.
380 956 402 1000 ιι
424 956 457 1018 p.
477 939 537 998 638
559 936 698 1018 indeque
714 936 949 1000 Wernsdoriius
966 939 998 999 in
1015 939 1117 1000 Poetis
1132 940 1250 1001 Latinis
1265 937 1434 1002 minoribus
1447 948 1467 1000 t.
1482 958 1503 998 n

339 1062 371 1123 p.
391 1043 452 1103 tas
476 1040 658 1105 ediderunt.
706 1041 738 1101 in
768 1059 804 1103 oo
827 1043 966 1104 carmine
989 1041 1021 1103 hi
1046 1061 1157 1104 versus
1179 1043 1288 1123 scripti
1311 1050 1382 1104 sunt
1407 1041 1500 1125 (Bisa,

515 1164 551 1206 ec
573 1144 746 1206 modulante
768 1145 858 1207 melos
878 1148 999 1227 pariter
1021 1164 1144 1228 cetoque
1164 1149 1289 1228 pauinto

515 1247 662 1329 compede.
709 1265 773 1308 vosc
795 1257 923 1328 resonet,
945 1251 1116 1330 persultent
1137 1251 1220 1311 atrio
1242 1249 1341 1332 torpa.

338 1371 418 1434 quos
439 1371 552 1415 versus
573 1353 772 1414 Burmannus
795 1351 837 1413 ita
860 1352 1053 1432 emendavit,

515 1475 552 1518 uc
574 1454 747 1517 modulante
769 1455 854 1533 melo,
876 1457 998 1537 pariter
1020 1473 1106 1518 caeso
1125 1456 1309 1538 pauimento,

515 1576 582 1620 curn
601 1556 679 1639 pede
701 1574 765 1618 ooae
787 1565 916 1636 resonet,
939 1560 1110 1640 persultent
1131 1562 1215 1622 atrio
1238 1561 1338 1643 lorpu.

339 1681 397 1725 nos
418 1660 607 1724 barbarismi
632 1661 715 1723 illius
735 1662 1029 1724 commemoratione
1046 1682 1082 1724 eo
1098 1671 1226 1725 utemur
1241 1673 1276 1726 ut
1292 1661 1429 1725 dicantus
1441 1679 1501 1742 por

339 1774 402 1828 tam
425 1784 531 1846 neque
554 1762 672 1826 bonum
696 1783 801 1844 neque
823 1766 941 1827 saeculi
964 1763 1038 1826 boni
1062 1775 1115 1828 aut
1130 1764 1298 1848 adsumpto
1314 1765 1431 1847 uulgari
1443 1781 1502 1844 pro

340 1869 547 1932 nuntiationis
569 1868 645 1929 vitio
667 1860 900 1937 σπονδειάζοιτα
923 1869 964 1930 ita
985 1870 1187 1948 conclusisse,
1209 1871 1331 1951 pariter
1344 1887 1426 1932 caeso
1437 1887 1500 1950 pou-

340 1979 448 2048 mentn,
472 1981 537 2050 aut,
563 1972 589 2032 si
609 1973 782 2052 pavimento
798 1971 950 2052 scripsit„
963 1971 1162 2053 corripienda
1177 1972 1299 2054 syllaba
1315 1992 1377 2036 non
1391 1971 1501 2034 rnulturu
1559 1987 1560 1994 ¹

340 2074 456 2137 abiisse
483 2093 501 2137 a
524 2073 750 2137 subtrahenda.
1559 2021 1560 2108 l

426 2177 671 2258 Epithalamium
702 2176 780 2240 illud
811 2177 937 2240 videtur
960 2178 1054 2240 hodie
1079 2180 1110 2241 in
1134 2180 1220 2242 nullo
1243 2189 1371 2262 praeter
1390 2176 1500 2238 Ambra

341 2281 465 2344 sianum
495 2279 577 2343 libro
600 2283 752 2362 scriptum
776 2279 898 2362 esse*).
945 2281 1003 2344 sed
1026 2282 1084 2344 tuit
1107 2282 1168 2345 sub
1190 2283 1286 2345 finem
1309 2281 1429 2365 septimi
1448 2289 1497 2360 post
1559 2331 1560 2340 ,

342 2384 501 2446 Christum
525 2385 641 2446 saeculi
662 2384 825 2465 exemplar
838 2384 966 2465 aliquod
982 2386 1052 2446 eius
1067 2384 1153 2467 apud
1169 2384 1297 2468 llnglos.
1342 2382 1499 2447 Aldhelmus
1559 2389 1560 2420 l

342 2488 427 2549 enim
458 2488 490 2548 in
519 2487 661 2569 Epistula
689 2485 729 2548 ad
751 2485 911 2550 doirolum
942 2489 973 2550 in
997 2489 1066 2551 llaii
1090 2489 1235 2552 Classicis
1263 2487 1438 2553 auctoribus
1457 2496 1498 2546 ιι

301 2607 331 2656 tt
344 2611 375 2672 p.
394 2587 454 2651 573
479 2591 546 2652 sive
570 2591 603 2652 in
618 2588 779 2671 Operibus
800 2577 825 2652 a'
842 2589 957 2654 Gilesio
981 2593 1061 2655 male
1085 2591 1180 2656 oditis
1202 2613 1235 2674 p.
1254 2595 1317 2655 306
1334 2595 1414 2656 inter
1427 2587 1498 2651 lonici

342 2714 359 2757 a
382 2695 499 2756 maiore
527 2693 671 2774 exempla
695 2693 783 2774 ponit
804 2693 992 2770 haerescere,
1018 2705 1083 2758 tum
1106 2694 1196 2759 addit
1219 2700 1306 2759 utin
1329 2691 1498 2778 Epinoion

345 2797 470 2860 ‘metten
492 2804 563 2860 tunc
587 2801 680 2859 roseis
702 2795 884 2860 haerescunt
905 2797 988 2862 lobio
1008 2797 1127 2862 tetris)
1173 2798 1312 2862 eundem
1328 2791 1497 2862 versunad·

343 2899 403 2963 lert
426 2901 458 2962 in
482 2899 563 2962 libro
586 2899 627 2961 de
650 2898 797 2962 laudibus
820 2901 1012 2982 virginitatis
1034 2923 1066 2984 p.
1087 2904 1125 2965 t3
1143 2902 1180 2964 G.
1206 2921 1320 2966 versus
1335 2911 1380 2964 est
1394 2897 1497 2981 EpitBa

343 3004 428 3066 lamii
444 3004 497 3084 80,
522 3002 578 3066 ubi
593 3001 821 3065 Ambrosianus
843 3001 926 3066 liber
946 3004 1126 3070 dommcant
1147 3005 1235 3069 bosio
1258 3005 1354 3069 ntra
1369 2999 1495 3087 praebuit·
1558 2989 1559 3070 ζ

341 3117 432 3169 antea
465 3108 496 3168 in
520 3106 661 3188 Epistula
691 3105 731 3168 ad
753 3104 911 3169 Acircium
933 3129 966 3189 p.
986 3109 1043 3170 bbl
1065 3111 1103 3171 ll.
1129 3111 1191 3172 288
1208 3109 1246 3170 G.
1280 3111 1363 3172 inter
1389 3102 1497 3184 daupu
1558 3147 1559 3156 ι

340 3208 527 3272 llldbelmus
556 3219 778 3272 commemorat
805 3211 935 3288 anulus,
968 3219 1001 3274 ut
1030 3212 1108 3276 illud
1134 3213 1333 3295 Epithalamii
1361 3209 1496 3272 ‘andesc
1558 3191 1559 3240 l

341 3313 443 3397 dipitis
465 3312 590 3376 tolletur
613 3311 751 3374 mollibus
766 3315 880 3396 asper.'
926 3317 980 3395 qui
997 3334 1111 3380 versus
1125 3327 1173 3380 est
1188 3318 1340 3380 carminis
1355 3315 1403 3393 73,
1425 3307 1496 3372 babel

341 3425 445 3479 autem
467 3414 696 3478 Ambrosianus
717 3415 801 3479 liber
823 3436 885 3480 nou
908 3437 935 3494 e,
960 3419 1016 3481 sed
1040 3429 1075 3484 et.

427 3518 476 3582 nd
506 3520 655 3582 carminis
685 3521 718 3580 in
748 3519 828 3582 libro
850 3519 1055 3585 Ambrosiano
1084 3525 1222 3605 pessime
1245 3525 1353 3606 scripti
1375 3511 1495 3583 emcnda-

341 3625 461 3686 tionem
490 3633 558 3706 post
589 3622 780 3686 laudabilem
811 3626 982 3688 Burmanni
1006 3626 1280 3709 Wernsdoriiique
1309 3642 1425 3710 operam
1448 3631 1493 3677 uolt

342 3727 422 3789 nihil
445 3727 587 3789 conterre
610 3745 702 3809 posse
724 3727 846 3791 videor.

428 3829 505 3894 lnde
528 3849 545 3892 a
569 3850 599 3892 v.
619 3829 638 3891 7
662 3831 739 3893 haec
761 3831 921 3912 leguntur,

514 3935 667 4016 principio
688 3936 809 4018 pencris
831 3937 926 3998 simili
947 3955 1000 3999 vos
1022 3938 1117 4020 stirpe
1139 3944 1257 4000 creatos

520 4037 654 4101 Florenti
675 4038 814 4120 Floripue
833 4041 936 4121 putris
958 4047 1007 4102 sot
1030 4041 1154 4102 nomino
1172 4041 1320 4122 produnt,

518 4139 666 4206 matribus
689 4148 717 4204 et
735 4143 857 4223 pariter
878 4141 1038 4226 respondet
1055 4141 1138 4225 fetus
1160 4151 1304 4227 aurern:

431 4379 456 4448 ⁸)
479 4381 539 4450 {En
556 4384 723 4446 conplentur
742 4385 870 4436 codicibus
887 4389 933 4436 sed
950 4387 985 4436 od
1001 4399 1083 4435 unum
1101 4391 1125 4436 et
1142 4388 1363 4448 corruptissimum
1377 4371 1484 4436 affl*

342 4469 509 4522 redeuntium
526 4471 623 4522 editum
641 4477 679 4522 est
697 4471 743 4523 loc
760 4483 866 4522 cannen
884 4471 916 4522 ab
934 4473 962 4523 Α.
986 4471 1068 4524 Biesio
1085 4471 1159 4524 Anti.
1182 4471 1238 4526 tu.
1253 4476 1279 4520 11
1294 4485 1322 4538 p.
1336 4461 1403 4532 ιιι.)
