3178 5136
571 407 788 472 Castrorum.

172 594 235 658 XC.
282 593 428 660 lisuilius
449 613 472 658 ιι
488 596 528 658 lb

239 699 312 778 aurit
333 699 422 762 sliam
445 696 575 764 lambris
598 699 772 765 immersum
794 705 919 764 tartara
939 707 1046 764 nalum

238 801 270 866 in
294 800 389 864 lucam
411 799 449 864 dc
470 807 552 864 nacte
574 787 692 866 omont.

86 904 126 964 ita
149 903 259 982 scripti
281 900 369 963 libri.
415 902 555 984 Scaliger
581 904 732 966 Tartaron
754 909 868 965 atrum.
908 905 1094 968 concinnius
1108 905 1273 972 Bentleius

89 1007 239 1067 Tartaron
261 1006 351 1068 atris.
389 1014 529 1085 praestat
547 1007 699 1070 Tartaron
719 1017 786 1070 atra
810 1008 848 1070 ln
870 1007 965 1073 baem
987 1006 1024 1072 ds
1045 1014 1128 1074 nocte
1151 1015 1269 1070 uocant.

170 1107 248 1168 XCl.
279 1108 398 1171 Versus
421 1109 558 1174 Petronii
586 1109 617 1172 in
634 1109 744 1172 Troiae
767 1109 865 1174 halosi
888 1109 929 1172 38
952 1128 995 1174 ss.
1027 1108 1101 1190 (Sat.
1119 1127 1187 1190 cap.
1215 1109 1267 1192 89)

86 1212 127 1274 ite
151 1207 392 1277 conformandos
414 1229 484 1274 esse
508 1211 663 1294 suspicor,

239 1313 293 1378 dal
314 1313 414 1376 cauda
434 1313 575 1388 sonitum,
602 1312 715 1378 liberae
733 1321 860 1398 paritum
883 1314 970 1378 irtbae

240 1416 452 1496 convestiunt,
478 1414 641 1480 luminibus

648 1517 832 1602 fulmineum
854 1518 945 1585 iubar

240 1620 371 1687 incendit
392 1639 505 1702 aequor
526 1619 680 1708 sibilisque
702 1623 802 1688 nudae
825 1620 978 1692 fremunt.

82 1722 169 1804 quod
192 1721 267 1804 libri
290 1742 354 1786 nan
376 1723 457 1786 nulli
480 1723 599 1787 habant
621 1732 743 1808 pontem
772 1725 852 1788 nibil
882 1735 930 1788 est
959 1725 1021 1788 nisi
1052 1743 1151 1790 error.
1199 1745 1270 1788 mox

82 1825 157 1890 libri
187 1827 375 1892 consentiunt
403 1825 567 1890 luminibus
593 1826 775 1908 fulminante
806 1827 915 1891 iubar:
955 1826 1029 1890 inde
1057 1847 1117 1890 nec
1145 1831 1272 1896 numeri

83 1927 243 2008 prodeunt
266 1929 340 1992 iusti
363 1947 424 1991 nec
445 1930 613 2008 sententia,
644 1929 721 1992 nibil
744 1939 850 1992 autem
873 1928 1005 2011 prodest
1032 1931 1059 1992 si
1079 1938 1170 2013 ponto
1193 1933 1271 1994 scri-

82 2029 172 2093 bitur
193 2049 299 2112 neque
320 2033 446 2093 omnino
468 2031 608 2113 intellegi
631 2042 734 2113 potest
750 2035 948 2096 consentiant.
982 2042 1089 2095 contra
1108 2042 1192 2097 recte
1207 2033 1270 2096 dici

81 2143 217 2214 possunt
238 2132 331 2196 iubae
355 2131 505 2214 obtegere
526 2143 656 2216 pontum
680 2153 785 2214 neque
815 2134 1034 2198 convestiendi
1055 2134 1190 2200 verbum
1213 2136 1271 2198 hoe

83 2253 211 2299 carmen
234 2234 380 2300 dedecet.
425 2236 517 2300 aliter
539 2235 670 2322 quidem
693 2237 868 2318 Vergilius,
897 2247 1021 2322 pectora
1042 2256 1169 2322 quorum
1192 2240 1271 2302 inter

79 2339 193 2419 fluctus
221 2337 346 2402 attrecta
374 2338 520 2422 iubaeque
549 2340 742 2424 Sanpuiucae
773 2348 923 2420 superant
947 2341 1067 2422 undas,
1098 2340 1154 2404 sed
1184 2342 1271 2404 nulla

82 2459 178 2504 causa
208 2450 256 2503 est
284 2461 341 2504 cur
369 2452 516 2524 putemus
546 2443 724 2504 Petronium
755 2443 883 2523 Vergilii
912 2463 1038 2505 carmen
1074 2444 1106 2504 in
1136 2445 1272 2524 singulis

82 2543 231 2606 omnibus
247 2545 454 2626 expressisse,
474 2545 567 2606 immo
583 2545 643 2606 alio
659 2565 716 2606 nos
732 2544 820 2607 ducit
836 2545 921 2626 quod
937 2545 1055 2608 liberas
1070 2544 1151 2608 dixit
1167 2545 1267 2608 iubas.

82 2645 204 2709 deinde
228 2646 392 2709 luminibus
415 2645 596 2728 fulmineum
625 2666 688 2709 non
712 2649 824 2727 recipit
851 2647 934 2710 idem
958 2666 1087 2710 versus:
1120 2635 1270 2712 neutrum

82 2760 191 2812 autem
219 2748 353 2812 verbum
384 2749 588 2830 mutandum,
618 2749 674 2811 sed
703 2749 837 2812 alterum
866 2749 907 2811 ab
935 2750 1033 2812 altero
1059 2751 1270 2830 separandum

81 2873 152 2916 esse
182 2871 315 2915 censeo:
349 2853 500 2914 nimirum
531 2851 729 2914 intercidisse
759 2852 910 2916 videntur
940 2851 1012 2914 finis
1034 2871 1146 2915 versus
1175 2855 1272 2915 unius

81 2956 279 3036 alteriusque
303 2955 440 3017 initium.
474 2973 579 3035 neque
603 2955 686 3016 enim
711 2955 902 3017 verisimile
926 2954 1069 3016 estnihil
1092 2955 1270 3018 Petronium

80 3059 203 3121 dixisse
226 3057 266 3120 de
290 3056 464 3121 luminibus
486 3059 650 3138 anguium,
676 3059 732 3138 qui
759 3077 776 3118 a
799 3058 936 3138 Vergilio
958 3057 1109 3122 dicuntur
1131 3059 1270 3121 ardentis

81 3161 185 3224 oculos
207 3161 326 3242 suffecti
345 3161 494 3242 sanquine
516 3167 545 3221 el
566 3161 640 3243 tyni.
687 3159 815 3223 videtur
837 3171 943 3223 autem
973 3159 1154 3224 ardentium
1177 3161 1272 3223 lumi-

82 3284 162 3327 num
193 3262 363 3344 descriptio
391 3262 559 3324 transitum
589 3281 717 3346 parasse
747 3263 786 3326 ad
817 3263 847 3325 id
873 3264 959 3346 quod
981 3267 1143 3345 sequitur:
1179 3263 1272 3327 aliter

82 3369 170 3429 enim
193 3365 272 3428 illud
292 3364 473 3447 fulmineum
502 3363 592 3426 iubar
620 3365 758 3428 Incendit
784 3385 897 3448 aequm
920 3386 982 3446 qua
1005 3369 1126 3430 ratione
1149 3366 1271 3429 dicatur

81 3469 257 3532 obscurum
281 3479 338 3530 cst.
386 3467 526 3550 denique
549 3468 699 3548 scriptum
723 3480 771 3532 cst
794 3471 826 3530 in
849 3468 941 3532 libris
963 3477 1112 3532 tremum:
1135 3468 1192 3531 scd
1208 3489 1269 3530 nou

80 3580 216 3653 possunt
238 3569 342 3634 undae
364 3581 503 3632 tremere
524 3569 638 3632 sibilis.

170 3674 261 3736 XCll.
310 3673 387 3736 Gum
417 3675 450 3735 in
480 3674 596 3735 Horatii
620 3674 721 3736 Serm.
746 3694 768 3735 ιι
789 3675 809 3737 3
833 3675 891 3736 483
922 3675 1076 3755 seriptum
1106 3685 1190 3736 esset
1219 3681 1272 3736 aut

82 3795 196 3840 acuetis
218 3785 337 3856 aletes,
362 3776 523 3839 Bentleius
546 3795 586 3839 ex
602 3775 727 3840 duobus
742 3776 851 3858 probis
868 3773 1114 3858 exemplaribus,
1132 3778 1270 3859 adquae

83 3891 192 3962 postea
214 3880 274 3942 alia
297 3889 510 3958 accesserunt,
537 3880 656 3960 recepit
677 3887 705 3941 et
726 3891 838 3942 anneus
853 3887 959 3942 ulstes
977 3879 1073 3960 idque
1089 3879 1139 3942 his
1153 3869 1269 3943 verbis¹

83 3983 293 4060 confirmavit,
323 3982 511 4044 ‘necessaria
535 3991 582 4044 est
604 4001 679 4045 sanc
695 3981 772 4044 haec
788 3980 983 4044 emendatio:
1009 4001 1168 4063 nusquam
1184 3985 1329 4046 enimtts

83 4103 196 4148 aeneus
229 4081 415 4167 trisyllabon
443 4083 529 4165 apud
551 4096 678 4148 veteres
702 4093 810 4165 poetes
839 4085 982 4146 invenias
1011 4083 1081 4165 (nisi
1111 4084 1191 4148 lortc
1213 4085 1270 4148 ubi

83 4207 182 4269 prave
211 4186 383 4254 ediderunt
416 4207 472 4268 pro
502 4187 645 4268 aereus),
679 4187 737 4250 sed
770 4187 891 4268 ubique
921 4199 1033 4252 annus
1066 4197 1121 4252 unt
1150 4181 1267 4252 oenus?

82 4301 246 4372 peccalum
281 4301 330 4356 est
357 4292 450 4353 etiam
480 4291 539 4354 elio
568 4309 662 4372 ᾳιιιιιιι
686 4309 781 4372 quem
805 4289 885 4354 dixit
913 4288 1014 4354 modo.
1063 4291 1161 4354 voluti
1185 4291 1270 4370 quod

83 4395 242 4460 luvenalis
268 4395 396 4476 scripsit
416 4405 475 4459 sat.
500 4396 567 4458 liv.
593 4397 654 4461 nst
678 4403 706 4458 et
727 4413 823 4458 aenea
852 4395 971 4475 lampas
1001 4397 1033 4458 in
1061 4403 1151 4476 parte
1178 4391 1270 4456 dete-

84 4500 202 4562 riorum
232 4497 382 4562 librorum
415 4507 567 4562 mutatum
596 4509 644 4562 est
673 4500 704 4560 in
733 4506 822 4579 atque
854 4516 951 4562 aenea
981 4498 1112 4579 lampas.
1158 4513 1268 4560 verum
