3156 5132
534 461 702 522 Autnscrt.
1137 441 1211 514 319

50 651 138 714 studia
159 651 331 732 effugerant
352 648 520 731 splendida
542 647 717 729 Antigonae
739 645 839 709 verba
862 648 895 708 in
918 647 1097 709 Phoenissis
1119 648 1214 708 Euri-

50 755 120 835 pidis
139 775 167 814 ν.
187 753 258 832 tit,
283 744 530 837 ὦλιπαροίυίνου
554 747 682 837 θύγατερ
691 745 792 814 Ἁλίου
806 747 971 826 Σελαναία,
994 743 1214 836 χρυσεόκυκλον

49 856 150 942 φέγγος.
195 875 298 938 nuper
325 866 430 918 autem
454 857 648 934 Badhamus,
681 875 751 918 cum
783 855 876 934 vulgo
905 863 1025 915 constet
1046 873 1083 916 aa
1106 854 1216 934 pueris

48 961 115 1022 adeo
141 961 335 1022 notissimum
364 960 406 1020 sit
428 960 585 1022 communi
608 958 800 1020 Graecorum
822 957 970 1038 opinione
993 959 1112 1020 hunam
1135 957 1216 1020 Solis

48 1082 99 1124 non
131 1064 221 1125 liliam
250 1063 307 1124 sed
335 1081 476 1124 sororem
505 1061 690 1143 perhiberi,
724 1062 841 1142 puerili
872 1060 1052 1124 eruditione
1081 1061 1217 1124 conlisus

42 1161 127 1230 ‘Alica
148 1167 197 1228 vel
221 1159 324 1230 αἰελίου
352 1163 395 1246 (id
418 1167 503 1228 enim
526 1165 601 1226 lihri
625 1165 759 1246 habent,
792 1163 871 1227 illud
894 1166 1092 1228 llermtmnus
1114 1167 1218 1227 veris-

46 1271 113 1330 sime
133 1270 266 1352 scripsit)
296 1270 426 1330 minime
449 1268 659 1348 tolerandum,
685 1268 742 1332 sed
764 1271 798 1330 in
814 1267 930 1339 Λατοῦς
945 1267 1132 1330 mutandum
1147 1287 1217 1331 esse

46 1375 162 1435 censuit.
209 1382 277 1434 tum
307 1372 465 1436 Nauckius
495 1375 653 1435 ruiturum
684 1373 742 1434 isto
769 1381 860 1453 pacto
890 1372 1080 1434 versiculum
1109 1371 1217 1434 addito

46 1475 164 1539 articulo
192 1474 281 1538 lulsit
310 1477 539 1556 continuoque,
570 1477 660 1557 quasi
684 1495 736 1537 res
758 1485 842 1538 esset
864 1476 1055 1554 certissima,
1089 1471 1219 1559 θύγατερ

49 1571 63 1638 ὐ
81 1579 189 1650 Λατοῦς
211 1580 245 1640 in
262 1580 455 1660 exemplaria
474 1579 651 1658 tragoediae
668 1579 784 1640 intulit.
832 1577 956 1640 detrahi
973 1579 1032 1639 hac
1047 1563 1219 1641 mutatione

46 1683 161 1743 orationi
190 1681 314 1762 aliquid
344 1684 486 1763 poeticae
516 1682 642 1744 virtutis
668 1682 758 1744 facile
781 1682 993 1762 intellegitur:
1027 1701 1098 1743 nam
1123 1682 1220 1744 multo

47 1803 124 1863 quam
146 1787 264 1847 Latona
287 1786 402 1848 melius
424 1805 460 1847 ac
482 1786 711 1865 significantius
732 1784 784 1846 Sol
806 1784 923 1846 dicitur
945 1779 1161 1869 λιπαρόζοινος,
1187 1783 1219 1845 id

47 1899 84 1948 est
103 1887 195 1949 radiis
218 1888 317 1950 veluti
341 1889 443 1950 nitido
466 1889 591 1969 cingulo
614 1887 828 1950 circundatus.
877 1889 976 1969 magis
999 1889 1094 1950 etiam
1110 1907 1220 1950 emen-

46 1989 126 2052 dandi
156 1989 327 2052 libidinem
357 1991 506 2054 cohibere
536 1991 675 2054 debebat
701 1992 823 2071 antiqui
853 1992 1039 2072 interpretis
1066 1993 1217 2070 scholion,

42 2087 162 2166 Ἠσίοῦός
184 2116 279 2179 φησιν
302 2089 438 2178 ἀδελφήν
453 2089 559 2158 Ἡλίου
582 2091 661 2158 εἶναι
681 2089 735 2178 τήν
752 2087 899 2178 Σελήνην,
926 2091 1027 2158 “Θεία
1050 2089 1078 2156 δ’
1101 2088 1221 2158 Ἠέλιόν

48 2220 69 2260 ε
87 2199 176 2283 ρὲγαν
199 2191 340 2281 λαμπράν
362 2220 395 2260 τε
410 2191 546 2282 Σελήνην
567 2196 686 2282 γείνατο
697 2190 730 2232 ·”
778 2191 930 2283 Αἰσχύλος
954 2195 989 2260 δὲ
1010 2195 1062 2261 καὶ
1082 2197 1110 2260 oi
1127 2221 1221 2284 φυσι-

50 2296 155 2386 airepor
188 2299 361 2385 θυγατέρα,
396 2294 529 2387 παρόσον
558 2301 592 2364 ἐκ
620 2303 672 2364 τοῦ
704 2293 834 2386 ἡλιακοῦ
868 2296 967 2386 φωτὸς
996 2295 1221 2387 ρεταλαρβοίνει

49 2398 136 2486 ἀμέλει
164 2401 219 2468 καὶ
247 2398 322 2488 πρὸς
349 2399 402 2475 τὰς
430 2399 606 2476 ὑποστάσεις
636 2407 878 2490 ρεταρορφοῦται
900 2398 919 2488 ἡ
943 2397 1065 2488 σελήνη.
1114 2404 1221 2484 itaque

48 2509 177 2570 similiter
206 2517 304 2588 atque
328 2509 498 2588 Euripides
528 2509 622 2569 etiam
644 2507 819 2589 Aeschylus
845 2508 960 2570 alicubi
984 2511 1101 2570 Lunam
1126 2507 1221 2568 liliam

48 2611 114 2674 Solis
137 2613 273 2674 vocavit.
321 2630 432 2672 verum
455 2611 613 2673 Nauckius
632 2613 723 2692 Trag.
750 2611 860 2692 fragm.
886 2632 918 2692 p.
938 2613 977 2671 99
1005 2611 1084 2672 ‘non
1101 2604 1224 2695 Αίσχῦ-

49 2709 95 2782 λος
121 2716 225 2795 inquit
251 2714 408 2776 ‘voluisse
433 2713 560 2776 videtur
582 2717 822 2795 grammaticuS‚
848 2714 905 2776 sed
929 2707 1112 2798 Εὐριπίδης.’
1161 2733 1224 2775 non

50 2816 180 2897 intellego
204 2837 265 2880 cur
289 2818 433 2897 voluerit,
459 2818 520 2879 nisi
545 2819 700 2896 fortene,
726 2819 882 2892 similet,
909 2818 1119 2898 periculosius
1142 2827 1226 2878 esset

49 2919 190 2982 lladhamc
215 2931 248 2982 et
272 2921 408 2982 Nauckio
438 2920 629 2982 emendandi
652 2920 805 2982 studium.
853 2920 911 2982 sed
934 2922 1120 3002 ignorarunt
1143 2919 1225 2982 docti

49 3021 177 3086 homines
199 3023 289 3104 quod
311 3023 495 3086 scholiastes
517 3022 604 3085 Arati
628 3025 660 3085 in
684 3044 715 3084 v.
735 3024 795 3085 lhh
820 3033 945 3102 narrat,
972 3016 1047 3107 αῦτή
1072 3020 1105 3086 δὲ
1126 3017 1146 3107 i
1170 3046 1227 3086 σε-

49 3120 111 3209 λήνη
133 3122 203 3190 καθ’
233 3121 344 3209 ἑαυτήν
368 3115 501 3210 ἷίφαντος
521 3119 592 3209 ἡμῖν
616 3125 708 3204 ἐστίν,
732 3120 789 3191 ῦπὸ
812 3124 845 3190 δὲ
867 3129 921 3190 τοῦ
934 3121 1020 3211 ἡλίου
1036 3124 1226 3211 φωτιζορένη

49 3225 151 3314 φανερὰ
172 3225 246 3314 ἡμῖν
271 3227 403 3312 γίνεται,
427 3224 478 3292 καὶ
499 3222 549 3292 θτε
572 3227 624 3312 μὲν
649 3224 724 3315 αὐτῇ
746 3225 927 3314 πλησιάζει,
950 3225 1017 3295 τότε
1039 3226 1090 3292 καὶ
1112 3229 1225 3315 φαίνει,

50 3323 89 3394 ὅτε
109 3331 140 3396 δὲ
161 3329 257 3398 αὐτοῦ
279 3329 452 3418 χωρίζεται,
479 3327 545 3396 κατ’
573 3327 673 3416 ὀλίγον
697 3327 855 3420 ἀπολήγει,
879 3328 930 3397 καὶ
951 3328 1041 3398 πάλιν
1057 3326 1126 3397 ὅσον
1142 3336 1226 3417 πλη-

51 3429 134 3504 σιάζει
154 3440 316 3521 γεννᾶται·
342 3431 388 3499 διὸ
410 3433 462 3498 καὶ
484 3431 567 3521 παρὰ
588 3437 649 3508 τοῖς
664 3431 929 3523 τραγικοῑςἫλίου
944 3431 1078 3522 θυγάτηρ
1094 3436 1227 3519 λέγεται,

51 3535 139 3622 ἐπειδὴ
167 3536 201 3604 τὸ
233 3541 301 3626 φῶς
323 3538 353 3609 ἐξ
376 3535 467 3602 αὐτοῦ
492 3536 569 3624 ἔχει.
617 3542 704 3602 nulla
728 3544 807 3602 ratio
830 3551 878 3602 est
901 3561 962 3622 qua
986 3544 1111 3603 evincas
1134 3543 1230 3602 unius

51 3651 156 3704 tantum
179 3642 347 3724 Euripidis
370 3644 459 3704 illum
483 3644 675 3706 versiculum
698 3643 900 3706 obversatum
928 3663 998 3706 esse
1021 3631 1271 3706 scholie¹staasr

51 3743 98 3806 sed
119 3757 200 3822 esto,
227 3747 413 3827 cogitaverit
436 3756 557 3808 tantum
581 3746 621 3808 de
645 3746 815 3828 Euripide:
849 3749 900 3809 vel
924 3749 969 3810 sie
992 3748 1076 3808 illius
1098 3748 1230 3808 carmini

52 3850 252 3914 testimonium
276 3849 399 3912 accedit
421 3851 538 3912 nostris
561 3851 798 3931 exemplaribus
821 3851 918 3913 multo
939 3841 1116 3930 anticuius3
1145 3849 1231 3930 quod

52 3949 109 4011 sine
129 3953 272 4015 evidenti
297 3955 486 4016 necessitate
510 3965 713 4016 contemnere
737 3973 799 4015 non
822 3956 899 4016 artis
923 3965 981 4033 est,
1006 3953 1063 4016 sed
1086 3953 1231 4016 libidinis

54 4061 129 4114 entra
157 4058 315 4137 legitimos
342 4057 531 4137 disciplinae
561 4059 640 4119 fines
669 4067 789 4118 temere
813 4060 986 4139 erogantis.
1033 4059 1121 4137 atqui
1144 4058 1231 4119 nulla

55 4155 134 4232 plane
162 4171 211 4222 cst
241 4159 465 4222 contemnendi
495 4162 680 4222 necessitas.
728 4179 801 4222 nem
830 4179 902 4222 curn
931 4163 1059 4222 omnino
1090 4163 1232 4242 ineptum

55 4257 86 4317 sit
113 4273 237 4325 veteres
267 4269 375 4344 poetes
404 4264 494 4343 quasi
519 4273 626 4325 essent
649 4264 867 4325 catechumeni
892 4262 1072 4344 dogmatum
1096 4265 1146 4325 vel
1170 4265 1233 4326 lle-

54 4361 121 4423 siodi
150 4366 317 4448 theogonia
349 4367 398 4428 vel
428 4367 586 4428 communi
615 4367 765 4447 opinione
796 4368 1065 4447 praescriptorum
1090 4367 1151 4429 lide
1175 4367 1235 4430 ad·
1313 4393 1316 4400 ·

55 4467 214 4548 stringere,
248 4481 314 4532 tum
344 4471 454 4551 tragici
485 4471 517 4531 in
549 4469 645 4532 rebus
674 4489 756 4550 quae
785 4469 825 4532 ad
854 4471 1040 4551 religionem
1071 4472 1234 4553 pertinent

56 4565 174 4634 liberius
189 4593 284 4654 saepe
303 4573 512 4654 philosophati
529 4584 613 4652 sunt,
629 4573 760 4654 physice
777 4574 925 4654 maxime,
942 4593 1048 4655 neque
1059 4573 1234 4655 Aeschylus

974 4691 1029 4745 21*
