3182 5132
609 412 713 472 Varro.
1183 397 1258 468 477

81 607 143 678 epto
165 596 241 660 laets
263 609 312 660 est
333 597 413 682 quod
434 610 507 662 ente
534 601 610 681 puio
632 601 763 661 inserto.
803 616 877 660 nam
900 600 942 660 ito
965 599 1107 661 nescitur
1130 601 1259 662 inaudi-

81 709 137 762 tum
158 711 188 762 et
215 719 404 781 perversum
434 702 672 783 praeteritionis
701 719 814 782 genus.
853 700 1060 764 scribendum
1089 713 1157 764 erut
1179 723 1260 786 quoe

80 805 173 865 lectiam
200 821 242 864 eae
274 807 319 866 eis
349 805 459 885 secuse
487 813 654 866 narratur.
702 821 814 884 quem,
847 805 923 886 puio
951 812 980 866 et
1008 825 1090 868 nunc
1112 809 1210 868 scitur
1231 816 1259 870 et

78 907 145 968 sm‘rr'
164 907 246 987 opud
264 915 403 987 posteros
424 906 503 970 nitu
522 907 673 988 proderit,
699 915 792 969 mereo.
832 925 948 969 nomen
965 907 1110 970 mulieris
1132 912 1254 988 reticet,

79 1008 179 1070 laetum
202 1021 321 1071 narrat.

152 1113 298 1174 XXXVll.
323 1112 522 1193 Augustinus
536 1112 577 1174 de
600 1113 728 1174 oivitute
744 1112 797 1173 dei
819 1129 861 1174 ru
879 1114 918 1175 24
942 1111 1046 1175 edlert
1061 1131 1143 1193 quae
1158 1115 1257 1176 Varro

76 1213 110 1274 de
125 1215 246 1278 Tellure
262 1214 393 1278 dixerit.
426 1215 563 1294 eandem,
589 1217 697 1296 inputo,
715 1215 821 1278 dierunt
834 1217 966 1278 Matrem
981 1234 1136 1298 mapnorn.
1166 1195 1255 1299 puod¹

75 1317 387 1398 opportuniorem,
424 1319 595 1401 sipnr'fioorr'
616 1335 682 1380 esse
710 1317 812 1379 orbem
834 1326 956 1392 terrae;
994 1317 1073 1399 puod
1095 1327 1199 1382 turres
1222 1323 1314 1388 r'nsss

75 1422 169 1500 capite,
194 1419 323 1502 oppido3
362 1420 441 1503 puod
462 1421 548 1484 sedes
568 1422 727 1504 finpautur
748 1422 834 1484 eirea
857 1440 942 1498 eam,
974 1439 1043 1484 oum
1064 1425 1169 1485 omnia
1190 1441 1255 1484 rno-

75 1529 203 1600 aeanlur‚
235 1526 335 1605 ipsam
361 1542 422 1584 nou
449 1526 575 1584 moveri.
616 1523 695 1604 prrod
718 1525 822 1586 Gallos
850 1524 920 1586 lruie
947 1524 1022 1586 deae
1048 1533 1082 1587 ut
1104 1527 1257 1590 seruirent

70 1623 196 1704 facerunt
217 1627 368 1712 significat
396 1629 449 1708 qui
469 1629 582 1690 semine
611 1627 765 1710 indigeant
793 1635 911 1690 terram
939 1629 1027 1710 sequi
1050 1635 1197 1708 oportere,
1223 1649 1256 1690 rn

73 1745 104 1790 ea
123 1732 229 1810 prippe
249 1732 354 1792 omnia
368 1731 512 1811 reperiri.
545 1728 625 1812 puod
646 1747 679 1792 se
701 1729 787 1810 apud
808 1748 876 1792 earn
898 1731 1026 1809 iactant,
1049 1733 1251 1811 praecipitur,

72 1833 167 1913 inquit,
192 1836 247 1914 qui
267 1839 384 1895 terram
404 1834 506 1895 colunt
519 1852 557 1894 me
571 1831 715 1908 sedeam·
738 1851 857 1914 semper
871 1836 951 1894 enirm
969 1834 1129 1914 essequod
1144 1841 1252 1916 aponi.

71 1935 266 2012 cymbalorum
299 1939 415 1998 sonitus
446 1935 708 2016 ferramentorum
740 1935 955 1998 iactandorum
987 1955 1024 1998 ao
1056 1955 1204 1998 manuum
1227 1945 1256 1999 et

72 2039 128 2100 eius
149 2041 196 2100 rei
217 2041 351 2119 crepitus
373 2041 407 2100 r'n
427 2039 549 2101 colendo
573 2057 649 2120 apra
672 2041 726 2120 qui
744 2039 979 2121 fitsipndioanm
1007 2037 1072 2100 ideo
1088 2057 1161 2100 uere
1175 2040 1255 2122 quod

69 2159 128 2201 eom
148 2143 270 2223 annoni
290 2139 427 2204 colebant
440 2159 513 2203 aere
528 2148 691 2222 antequam
703 2141 827 2221 ferrum
841 2149 919 2204 esset
933 2143 1100 2202 inventum.
1126 2142 1250 2218 leonem,

69 2245 166 2325 inpud,
191 2243 364 2326 adrunpunt
386 2245 518 2306 solutum
540 2262 577 2306 ue
591 2252 784 2306 mortinetum
798 2253 833 2306 at
847 2243 1009 2306 ostendant
1020 2244 1143 2306 nullom
1156 2263 1253 2328 penus

68 2363 124 2408 esse
145 2355 248 2408 terrae
270 2356 334 2409 tom
355 2354 503 2409 remotum
517 2366 555 2410 oo
576 2345 764 2408 ammenta
776 2346 880 2426 ferum
894 2347 975 2430 quod
989 2367 1050 2408 nan
1065 2347 1168 2430 mrbipi
1180 2367 1254 2410 con-

69 2451 171 2512 renr'ol.
213 2449 333 2512 nullam
357 2449 453 2512 hebet
475 2450 665 2512 sententiam
688 2448 774 2530 quod
796 2448 916 2513 dieitur
936 2449 1016 2533 qaod
1030 2449 1116 2512 sedes
1128 2451 1253 2533 finpan-

67 2557 111 2610 tur
130 2553 217 2616 cirea
239 2571 324 2628 earn,
356 2561 426 2616 oum
454 2555 558 2614 amnia
580 2560 770 2628 moveantur,
802 2555 904 2633 r'psarn
931 2572 993 2614 non
1022 2555 1156 2614 moveri:
1193 2553 1251 2616 sed

66 2651 157 2718 insilis
179 2667 213 2719 et
241 2665 327 2718 oens
357 2654 536 2718 emendatio
559 2666 624 2734 est,
658 2673 753 2736 quam
781 2657 948 2736 oeeupavit
976 2655 1129 2736 Georgius
1152 2659 1251 2737 Zoege

70 2758 193 2832 2Bossir.
220 2769 243 2820 t.
263 2779 272 2819 r
290 2780 321 2839 p.
341 2757 408 2840 93),
437 2757 516 2840 puod
538 2758 654 2822 sedens
677 2757 825 2837 fingatur,
858 2761 943 2820 cirea
966 2775 1034 2818 eam
1056 2777 1124 2820 ram
1147 2762 1252 2822 omnio

65 2871 239 2926 moueantur
261 2864 360 2942 ipsam
383 2879 444 2922 non
465 2864 592 2924 mooun.
632 2879 713 2942 quse
737 2860 855 2922 deinde
872 2859 912 2922 de
928 2859 1081 2942 cymbalis
1099 2861 1251 2923 dicuntur

65 2981 120 3026 uon
142 2975 276 3047 possunt
305 2965 347 3026 ite
377 2964 418 3026 ob
439 2962 615 3045 Augustino
645 2983 714 3026 esse
744 2963 880 3043 scripto,
913 2963 1031 3026 nedum
1054 2982 1072 3025 o
1094 2966 1245 3026 Varrone.

65 3068 139 3128 nihil
162 3087 202 3132 ex
225 3066 319 3128 libris
340 3067 408 3130 suis
431 3067 592 3130 adnotavit
614 3066 821 3144 Ilombartus,
850 3065 908 3128 sed
930 3055 1113 3146 scripturos¹
1132 3065 1251 3148 depre-

64 3173 215 3232 vationem
238 3167 478 3232 animadvertit.
503 3179 623 3231 eertum
646 3168 902 3232 emendationem
927 3167 1057 3232 lortosse
1078 3170 1250 3250 aliquando

63 3273 187 3335 meliore
211 3273 406 3352 exemplaria
436 3271 706 3353 suppeditabunt:
744 3273 872 3332 interim
895 3271 1054 3352 proferam
1078 3273 1162 3353 quod
1184 3274 1250 3336 sal-

64 3385 121 3436 tem
144 3376 286 3456 intellegi
311 3385 431 3455 potest,
462 3375 670 3456 medulorum
698 3378 815 3438 sonitus
842 3373 1104 3454 ferramentorum
1126 3380 1249 3438 ructan-

63 3477 168 3541 dorum
189 3499 228 3542 ac
249 3495 399 3550 manuum
420 3496 513 3540 usum
535 3481 651 3540 eteius
673 3479 721 3539 rei
743 3481 876 3558 crepitus
899 3479 931 3538 r'n
953 3478 1074 3539 colendo
1097 3499 1172 3561 apro
1195 3483 1249 3560 qni

64 3581 137 3644 liunt
159 3583 343 3664 sipnr'fiaont.
391 3599 454 3642 non
477 3582 573 3642 otiose
603 3590 652 3642 est
679 3599 830 3643 munuum
861 3578 1079 3642 inotendarum
1110 3599 1249 3642 eamme-

63 3687 199 3747 moratio.
239 3683 305 3746 idm
329 3703 402 3746 aere
429 3684 523 3764 plene
551 3683 650 3744 relert
677 3701 822 3764 asperam
854 3682 940 3744 illem
970 3700 1033 3762 qua
1056 3683 1154 3744 Varro
1177 3701 1248 3744 sae-

62 3787 186 3864 pissime
209 3806 287 3850 usus
302 3798 351 3850 est
366 3784 494 3849 dioendi
511 3784 711 3848 brevitatem.
744 3794 899 3848 remotum
913 3795 1020 3848 terrae
1036 3803 1137 3865 genus
1153 3803 1249 3865 pere·-

61 3891 146 3967 grino
161 3891 290 3953 animali
306 3889 477 3970 significari
493 3889 670 3950 somniavit.
698 3898 841 3951 ueterum
857 3889 1058 3970 allegoricam
1075 3888 1247 3968 insignium

60 4002 89 4053 et
110 3995 219 4056 uultus
236 3995 344 4054 lintris
367 4010 499 4072 magnae
526 3994 821 4073 interpretationem
844 3993 960 4071 partim
983 3991 1076 4053 eliam
1100 3991 1249 4052 institue-

62 4107 131 4158 runt
152 4097 217 4176 alii,
244 4096 342 4158 veluti
367 4114 434 4157 eam
451 4114 546 4176 quum
563 4097 695 4158 Servius
710 4095 856 4175 sequitur
880 4095 911 4155 in
930 4092 1010 4156 Aen.
1030 4113 1063 4154 ur
1082 4095 1153 4172 tls,
1180 4094 1246 4156 r'dea

58 4207 156 4260 ouum
178 4203 279 4262 llater
300 4199 391 4260 deum
418 4217 517 4261 ourru
545 4197 613 4260 veltr'
642 4199 757 4260 dieitur
787 4200 861 4279 quio
884 4199 954 4277 ipso
976 4205 1020 4258 est
1042 4205 1140 4272 terra,
1169 4217 1248 4279 quae

56 4302 163 4377 pendet
182 4305 215 4363 in
238 4321 322 4364 uere,
363 4301 427 4363 ideo
450 4304 620 4364 sustinetur
641 4303 718 4364 rotis
740 4303 815 4382 puio
844 4299 977 4362 mundus
999 4308 1122 4362 rotatur
1143 4309 1172 4362 et
1192 4317 1246 4360 vo-

59 4403 160 4466 lubilis
187 4413 241 4468 est.
289 4405 354 4467 r'deo
383 4409 412 4466 er'
443 4403 651 4486 subiupontur
678 4404 777 4464 leones
804 4411 839 4463 ut
864 4403 1042 4466 osteorlotur
1074 4410 1245 4464 maternam

57 4507 193 4582 pietatem
214 4517 308 4570 totum
328 4525 417 4588 passe
438 4525 600 4589 superare.
647 4506 712 4569 ideo
733 4505 910 4586 corybantes
932 4509 999 4568 eius
1020 4507 1157 4568 ministri
1177 4523 1243 4566 cmm

110 4623 224 4676 llauptil
240 4624 352 4676 opuscula
370 4623 410 4666 lll.
1006 4625 1034 4674 31
