3160 5132
324 397 372 469 92
581 408 793 472 Annummrr
814 429 908 472 muru
930 428 989 473 urm
1011 428 1255 475 summorum.

325 600 357 661 in
381 599 523 679 Horatio,
554 599 599 661 ait
621 598 871 679 Quinctilianus,
903 599 1055 665 nonnulla
1085 609 1160 662 suut
1188 618 1270 682 quae
1292 600 1391 663 nolim
1413 601 1506 663 inter-

324 702 456 786 pretari.
503 720 585 782 quse
608 703 708 784 igitur
729 702 781 765 vel
803 701 890 785 apud
913 703 1048 784 gentiles
1070 703 1121 765 vir
1143 701 1264 785 probus
1286 705 1456 786 gravisque
1476 723 1506 766 se

323 805 408 868 nolle
436 813 568 886 tangere
590 804 774 886 profitetur,
806 807 861 888 qui
883 826 941 887 ego
964 806 1163 870 Christianus
1185 808 1255 869 siue
1278 805 1397 888 flagitio
1418 826 1507 870 enar-

324 927 396 972 rare
429 927 558 990 possum
592 916 624 971 et
660 908 825 972 indoctiori
859 910 967 972 lectori
996 909 1199 992 patefecere?
1231 911 1313 972 sicco
1342 913 1402 973 ista
1430 910 1508 992 pede

323 1010 531 1074 transilienda
554 1021 639 1092 sunt,
664 1023 701 1076 ut
722 1031 740 1076 a
759 1021 791 1074 te
807 1013 937 1076 honeste
954 1021 986 1076 et
999 1012 1178 1094 prudenter
1192 1023 1240 1076 est
1255 1013 1383 1094 iactum,
1408 1033 1508 1096 neque

322 1115 388 1178 ulle
421 1133 517 1197 opera
546 1115 703 1178 eiusmodi
732 1116 808 1178 loois
837 1114 1070 1197 impendenda,
1106 1126 1331 1198 praeterquam
1361 1136 1444 1199 quee
1472 1117 1508 1180 ad

323 1217 468 1281 lectionis
507 1219 724 1282 sinceritatem
756 1227 888 1300 spectet.
936 1219 1085 1282 iuvenem
1118 1221 1214 1284 istum
1246 1219 1506 1299 eruditissimum,

323 1322 379 1404 qui
402 1322 525 1384 Heinsii
548 1322 661 1385 Silium
689 1321 836 1385 editurus
858 1331 924 1402 est,
957 1343 1020 1385 non
1042 1322 1127 1401 vidi,
1162 1332 1292 1404 paratus
1314 1333 1421 1386 tamen
1443 1343 1508 1387 sum

322 1426 376 1487 vel
399 1425 432 1487 in
455 1425 563 1488 codiee
586 1425 639 1487 illo
657 1425 831 1488 oxoniensi
854 1425 1044 1488 conferendo
1066 1425 1117 1489 vel
1140 1427 1173 1488 in
1195 1427 1256 1488 alio
1278 1427 1392 1508 quovis
1414 1427 1509 1491 officio

324 1530 354 1592 ei
376 1529 538 1611 opitulari.
585 1529 682 1592 etiam
697 1538 728 1592 et
742 1527 846 1609 nobis,
872 1528 950 1592 dum
966 1530 1152 1611 scriptorem
1168 1530 1264 1593 istum
1280 1531 1507 1612 percurrimus,

324 1631 561 1696 emendationes
584 1631 740 1714 qrraedam
763 1642 875 1714 sponte
890 1651 948 1696 sua
963 1631 1119 1696 subnatae
1133 1642 1219 1696 suut.
1259 1634 1293 1694 in
1308 1632 1391 1695 libro
1405 1635 1507 1710 tertio,

322 1743 359 1799 ut
380 1735 517 1798 leviores
539 1736 609 1799 illas
630 1745 840 1817 praeteream,
865 1736 969 1817 qualis
990 1754 1038 1798 vs.
1063 1736 1104 1800 25

763 1840 922 1904 uelantur
944 1847 1080 1922 tempora
1102 1840 1164 1903 lino

478 1961 513 2003 rr
537 1942 691 2007 Pelusiaco
710 1942 885 2027 pruefolqet
905 1945 1034 2007 stamine
1055 1949 1175 2022 certem

323 2064 387 2108 non
409 2055 445 2110 ut
466 2046 562 2127 vulgo
583 2064 637 2108 cao.
1074 2043 1079 2070 '

366 2167 414 2211 vs.
440 2149 480 2210 et
896 2150 991 2214 leonis

480 2253 545 2316 Oro
568 2253 708 2316 Cleonaei
723 2255 830 2336 patulo
851 2255 991 2318 cetoutur
1012 2252 1108 2316 biatu.

322 2373 455 2438 prorsus
476 2355 631 2434 absurde3
658 2375 732 2418 uam
750 2357 889 2421 celantur
905 2367 953 2420 est
966 2355 1165 2419 occuluntur.
1205 2375 1324 2438 repone
1340 2357 1507 2435 coemeter,

323 2459 357 2523 id
379 2469 427 2522 est
448 2460 650 2542 sculpuntur.

366 2581 414 2626 vs.
432 2563 474 2626 42
745 2565 893 2647 stratiotes
914 2582 1010 2648 penus
1031 2563 1166 2646 deforme
1187 2561 1365 2627 bimembres

480 2666 636 2744 Gmtouri,
656 2666 847 2750 frontemque
869 2669 951 2731 timet
972 2669 1072 2730 minor
1094 2669 1191 2730 omnis
1212 2663 1370 2730 Acontea.

323 2769 406 2832 iiaeo
428 2789 491 2832 non
512 2777 588 2832 snut
609 2772 705 2834 unius
725 2772 816 2834 assis.
864 2770 962 2834 forte:
984 2769 1174 2852 frontemque
1195 2788 1293 2834 rnnrrc
1308 2772 1411 2834 minor
1425 2789 1507 2834 imre

321 2867 480 2936 Acarnan.
526 2874 628 2936 amnis
642 2871 788 2938 Acarnan
804 2883 853 2937 est
867 2871 1040 2952 Achelous,
1068 2874 1173 2936 etheo
1190 2872 1346 2954 liquidum
1361 2875 1502 2948 videtur;

262 2973 364 3040 stede
392 2975 498 3056 priore
527 2977 581 3038 vix
603 2977 706 3039 ausim
728 2985 887 3057 statuere,
919 2977 1025 3057 iuopia
1053 2977 1165 3058 scripti
1187 2975 1321 3039 codicis:
1355 2965 1427 3040 sed'
1455 2995 1506 3037 ex-

321 3077 405 3159 plico
433 3078 533 3141 meiror
558 3078 692 3161 frontem
719 3081 821 3160 illino,
854 3081 913 3143 hoc
940 3090 989 3143 est
1018 3079 1059 3142 eb
1087 3079 1187 3142 alteru
1216 3089 1307 3161 parte
1336 3080 1505 3143 mutilatam

321 3181 442 3259 icrens;
469 3200 568 3245 unum
593 3184 678 3244 enim
701 3203 742 3246 ex
764 3182 914 3246 cornibus
935 3181 1109 3263 abruperat
1131 3181 1162 3245 ei
1185 3183 1217 3244 in
1241 3183 1325 3244 lucta
1346 3183 1503 3246 Hercules.

363 3303 411 3346 vs.
431 3286 471 3347 6⁰
494 3287 687 3368 sequeturque
710 3287 864 3369 reciproce
889 3285 997 3363 ibetis,
1023 3304 1132 3348 errore
1154 3285 1272 3366 puerili
1294 3304 1351 3367 pro
1378 3286 1489 3367 Tetbys.

363 3407 411 3450 ve.
431 3386 472 3449 78
539 3389 576 3452 Si
595 3390 664 3471 puis
682 3388 763 3471 sorte
785 3389 875 3452 deum
896 3397 995 3454 tontes
1018 3388 1160 3452 inciderit
1182 3395 1279 3466 ectus,

542 3493 580 3556 Ut
599 3500 703 3556 nostro
726 3491 890 3574 obrumpat
910 3493 965 3556 leto
984 3492 1160 3575 primordio
1180 3509 1297 3554 rernm.

320 3614 383 3657 nou
405 3596 511 3676 placet
532 3594 612 3658 illud
634 3595 775 3659 incederit
795 3603 829 3658 et
850 3594 1033 3678 abrumpet:
1056 3593 1217 3676 quidquid
1239 3595 1325 3656 enim
1349 3595 1382 3656 in
1404 3603 1503 3676 poste

320 3699 404 3761 riore
427 3697 570 3762 membro
592 3698 739 3762 dictionis
761 3708 824 3780 est,
849 3697 883 3760 id
906 3699 1011 3781 ipsum
1032 3707 1080 3760 est
1103 3699 1136 3760 iu
1159 3699 1277 3780 priore.
1324 3707 1380 3761 aut
1401 3697 1503 3778 legen-

320 3799 396 3866 dum
420 3802 548 3866 videtur
570 3821 605 3863 rr
626 3809 731 3865 nostro
753 3801 926 3885 obrumpat,
952 3811 1006 3865 aut
1027 3801 1132 3882 potius
1151 3801 1245 3864 tontis
1261 3799 1407 3864 inviderit
1421 3800 1500 3877 octos,

319 3912 355 3968 ut
374 3913 489 3968 nostro.
537 3915 574 3969 ut
594 3905 683 3985 haee,
710 3905 851 3987 inquam,
876 3907 1029 3985 omittam,
1055 3903 1134 3967 illud
1157 3902 1231 3965 vide

364 4028 395 4069 v.
416 4009 476 4072 ⁴26
544 4009 605 4072 Sed
627 4017 669 4083 tu,
696 4007 842 4071 bellorum
863 4011 991 4092 portitor,
1016 4010 1172 4087 memore,
1196 4006 1343 4090 nesosprre

547 4109 658 4174 Averte
680 4118 709 4175 et
729 4129 822 4174 servo
844 4119 935 4194 capot
955 4109 1130 4175 inviolabile
1155 4112 1290 4174 Teucris.

320 4215 393 4296 quis
415 4233 533 4296 quaeso
555 4225 603 4276 est
626 4214 679 4276 ille
700 4213 847 4277 bellorum
867 4216 1007 4298 portitor?
1033 4215 1125 4294 biars,
1151 4215 1278 4294 opinor;
1305 4213 1363 4276 sed
1385 4227 1500 4292 exque

217 4303 221 4316 ’
320 4316 414 4381 sodes
436 4337 536 4380 uxore
559 4327 614 4381 aut
635 4318 736 4380 amica
758 4316 843 4380 bella
866 4317 996 4399 genuit?
1018 4319 1125 4399 Nugae
1146 4333 1271 4394 merae;
1298 4325 1334 4379 tu
1349 4335 1424 4378 vero
1439 4315 1500 4392 lege

527 4421 589 4484 Sed
610 4430 643 4484 tu
665 4439 735 4484 mm
756 4440 816 4485 ouo
837 4421 965 4505 penitor,
990 4422 1154 4484 miserere

321 4524 472 4590 nimirum
495 4523 652 4586 Hannibal
680 4525 835 4606 originem
864 4524 975 4605 stirpis
996 4543 1015 4587 a
1036 4523 1111 4585 Belo
1134 4520 1284 4603 deduxit,
1317 4521 1404 4586 unde
1425 4520 1500 4583 idem
