3156 5132
575 416 742 480 driuson.

222 614 310 690 aaut
331 607 426 690 οριίοο
449 613 545 670 metuo
568 607 683 672 deutra
705 608 851 691 ίοουυριιο
869 603 1060 691 frequentati

222 717 250 772 et
270 711 458 776 mamaeae
480 711 631 774 alemant
650 711 788 794 pondera
808 712 900 776 remes

221 813 305 876 unda
327 813 424 895 refert
444 814 521 876 aiios
542 815 712 886 simulacro
732 813 885 882 humentia
906 822 1018 882 nautas

222 918 290 998 ipro
310 936 366 983 suo
387 917 500 1001 pandet
519 919 711 984 simulamine
732 919 857 983 nauata
874 915 981 1000 ραοοι,

218 1019 347 1102 fallaces
367 1020 463 1103 tiuvio
485 1022 599 1088 mirata
620 1021 724 1084 redire
741 1021 872 1104 liparus.

82 1123 150 1186 haee
177 1124 281 1186 omnia
301 1121 433 1188 Ausonii
457 1134 531 1188 sunt
553 1145 584 1186 v.
603 1127 736 1188 ditas:
768 1126 827 1189 sed
848 1125 1006 1190 Ausonius
1028 1125 1129 1188 reddit
1150 1135 1187 1197 et¹
1203 1143 1254 1188 re-

80 1227 147 1310 diqit
165 1229 308 1310 scripsit,
335 1237 402 1291 tum
421 1227 618 1310 frequentant
641 1230 858 1307 etaemus,
884 1239 915 1292 et
938 1229 1016 1290 haee
1038 1227 1169 1309 quidem
1192 1228 1255 1295 duo

80 1329 166 1392 verba
189 1349 228 1393 ne
251 1332 471 1394 Ermenrioum
493 1331 624 1412 quidem
647 1341 784 1396 mutasse
806 1331 1011 1396 crediderim.

154 1435 286 1496 XXVIII.
312 1433 403 1508 Quod
424 1443 448 1496 t.
468 1454 479 1497 1
501 1455 533 1516 p.
550 1435 609 1498 ibi
636 1433 758 1520 [supra
773 1455 807 1517 p.
823 1433 910 1520 545]
928 1433 969 1499 de
991 1432 1116 1498 densae
1135 1436 1252 1498 Polior·
1261 1437 1308 1488 11⁰

80 1539 238 1600 catieorum
261 1540 363 1619 rapite
386 1539 485 1601 altero
507 1537 574 1600 dixi
591 1537 802 1602 Kirobboifius
824 1559 857 1620 p.
877 1540 937 1601 tit
962 1539 1127 1602 verissime
1146 1538 1256 1602 redar-

79 1640 148 1718 guit.
193 1641 299 1722 itaque
322 1650 357 1704 ut
380 1641 517 1722 eulpam,
541 1641 567 1703 si
587 1641 715 1722 possim,
742 1641 894 1712 redimam
909 1642 970 1704 alia
986 1641 1127 1704 eiusdem
1143 1643 1256 1722 eapitis

80 1741 166 1804 rerba
197 1763 282 1806 nuno
313 1743 465 1808 tractabo.
513 1739 748 1828 Λακεδαιμόνιοι
776 1741 810 1811 δὲ
832 1741 974 1830 Θηβαίων
1002 1738 1193 1829 ἐμβαλόντων
1220 1741 1256 1810 ἔτι

79 1867 107 1908 τι
126 1849 181 1910 τῶν
204 1840 357 1931 ἐγγυτάτω
380 1846 482 1912 οἰκιῶν
506 1841 677 1920 διαλύοντες
699 1844 750 1914 καί
772 1848 807 1911 ἐκ
828 1851 887 1912 τῶν
911 1848 1061 1932 αἱμασιῶν
1080 1841 1131 1912 κοί
1146 1851 1255 1934 τειχῶν

79 1938 157 2014 ἄλλοι
177 1944 244 2014 κοτ’
272 1940 382 2023 όλλους
404 1945 511 2026 τόπους
533 1945 668 2036 ρορροίις
689 1954 745 2036 ti<
766 1947 819 2015 καί
840 1949 935 2017 λίθοιν
957 1951 1155 2035 πληροῦντες,
1180 1947 1256 2036 φασί

78 2049 175 2118 δὲκαὶ
194 2054 256 2128 τοῖς
278 2053 313 2119 tu
334 2057 394 2119 τῶν
417 2054 504 2140 ἱερῶν
526 2052 652 2140 χαλκοῖς
675 2051 818 2140 τρίποσιν,
841 2045 937 2120 όντυιν
955 2055 1075 2120 πολλῶν
1090 2049 1141 2118 καὶ
1156 2047 1255 2138 μερό-

78 2157 140 2238 λονν,
165 2151 353 2242 χρησόμενοι
374 2153 427 2222 κοί
448 2151 563 2230 τσότοις
584 2151 913 2244 προοπυπληροίσοντις
930 2151 983 2229 τάς
998 2179 1030 2220 τε
1052 2152 1190 2242 εἰσβολὰς
1205 2153 1257 2223 καί

77 2254 122 2330 τὰς
144 2254 262 2334 διόδους
281 2257 332 2327 καί
353 2256 391 2325 τὰ
414 2255 575 2348 σόρόχυνρο
596 2265 648 2325 τοῦ
670 2259 852 2345 πολίσματος
867 2253 1023 2326 ἐκώλυσαν
1045 2257 1114 2333 τούς
1128 2254 1256 2347 εἰσβάλ-

78 2361 133 2426 λειν
154 2362 378 2450 ἐπιχειροῦντος
400 2364 444 2436 εἰς
466 2357 540 2430 adri
561 2359 595 2432 τό
616 2357 760 2450 πόλισμα.
808 2363 926 2429 eondit
948 2363 1033 2446 quod
1056 2367 1089 2427 in
1109 2363 1256 2428 domibus

78 2465 249 2532 dissolvisse
265 2467 524 2532 LacedaemonIos
547 2477 743 2532 narraverat.
791 2466 876 2549 quod
892 2468 1002 2532 linurin
1024 2469 1099 2530 olim
1115 2469 1148 2530 in
1163 2487 1256 2531 meu-

78 2579 132 2632 tem
153 2573 256 2652 veuit,
288 2573 453 2653 scripsisse
476 2571 607 2636 sonasse
629 2570 770 2636 danaum
792 2563 945 2658 χερμάδια
967 2564 1103 2651 λόοντσς,
1134 2569 1256 2636 dudum

79 2692 142 2736 eum
162 2673 317 2742 abiecisse
339 2693 402 2738 nou
425 2674 548 2738 dubito.
595 2675 694 2740 nihilo
716 2685 821 2738 autem
845 2675 959 2738 melius
982 2683 1030 2738 est
1051 2673 1137 2756 quod
1152 2693 1257 2757 nuper

78 2773 192 2840 deneas
213 2778 291 2842 satis
312 2777 510 2842 ooufidanter
532 2777 687 2842 tributum
710 2787 768 2858 est,
792 2775 918 2842 πλινθίοι
933 2769 1064 2848 λόονττς.
1110 2775 1257 2840 seriben-

78 2877 145 2944 dum
166 2891 252 2944 oarte
272 2891 339 2944 erat
352 2879 506 2954 πλίνθους.
554 2881 773 2944 GermanIoam
790 2881 1092 2962 interpretationem,
1118 2897 1199 2960 quae
1215 2899 1256 2942 ue

80 2983 129 3046 hoo
149 2983 278 3066 quidem
298 2995 384 3048 reate
400 2987 562 3067 exprimit,
587 2985 668 3048 nibil
684 3004 799 3048 moror.
840 2993 960 3048 eertum
977 2984 1165 3046 narrationIs
1180 2979 1262 3046 aon-'

79 3087 263 3165 piamentum
286 3107 399 3153 vereor
413 3107 454 3152 ne
470 3108 533 3152 non
548 3090 647 3171 pessit
663 3089 821 3152 Inveniri:
848 3086 904 3153 sed
920 3089 1036 3151 mIrum
1052 3097 1157 3150 temen
1173 3095 1257 3150 esset

78 3191 99 3250 si
121 3212 158 3254 ax
179 3191 327 3256 domibus
349 3212 411 3255 non
435 3201 673 3276 conportassent
696 3191 933 3255 Lacedaemonii
956 3190 1081 3257 tabulas
1102 3200 1135 3253 et
1156 3192 1254 3272 tigna,

79 3293 185 3372 quihus
209 3297 240 3356 in
264 3294 469 3360 obstruendis
488 3295 598 3378 oppidi
613 3295 754 3362 aditibus
769 3295 1019 3358 eommodissime
1035 3295 1082 3358 uti
1097 3304 1254 3376 poterant.

79 3396 175 3478 itaqua
204 3408 276 3462 nata
307 3400 385 3461 mibi
416 3409 463 3462 est
493 3399 571 3464 baec
594 3401 793 3479 coniectura,
829 3399 948 3464 ineerta
970 3417 1046 3462 sane
1069 3408 1102 3461 et
1124 3396 1256 3462 tortasse

79 3497 174 3581 fallax,
197 3503 365 3584 sumpsisse
381 3502 518 3566 Aeneam
540 3500 576 3568 ἔτι
596 3525 629 3568 τε
651 3505 711 3566 τῶν
734 3495 887 3588 ίγγυτότυι
908 3501 1011 3567 οίιιιῶν
1028 3499 1109 3586 ἰκρία
1123 3498 1253 3573 λόοντσς.
1324 3575 1328 3584 ,

79 3603 130 3666 sed
151 3605 234 3686 quod
256 3615 366 3686 postea
389 3605 506 3672 dieitur
527 3596 620 3674 όντων
641 3607 762 3672 πολλῶν
784 3602 836 3670 καί
859 3599 1008 3690 perdione,
1043 3603 1076 3669 id
1098 3605 1257 3670 molestis·

79 3708 149 3770 sima
169 3709 309 3773 oratione
332 3709 491 3792 displicet,
517 3729 622 3794 neque
645 3711 779 3777 multum
802 3708 933 3792 prodest
952 3701 1063 3776 τοότιον
1079 3717 1150 3791 post
1164 3699 1257 3774 ’όντων

81 3827 175 3892 nuper
197 3814 371 3876 insertum:
397 3814 548 3876 nimirum
572 3823 714 3878 remanet
736 3813 899 3896 inpeditus
914 3833 1028 3893 sermo,
1054 3831 1117 3894 quo
1132 3831 1195 3882 uon
1211 3822 1259 3876 est

81 3916 141 3976 reri
162 3916 264 3979 simiis
280 3914 421 3980 Aeneam
444 3937 538 3980 usum
561 3935 643 3999 esse,
667 3937 740 3982 oum
762 3925 868 4000 posset
890 3918 948 3980 hoo
970 3917 1166 3999 planissimo,
1191 3905 1259 3984 οὖσι

81 4017 190 4090 πολλοῖς
212 4015 267 4083 καί
290 4013 444 4104 μεγάλοις.
491 4023 634 4102 suspicor
655 4019 858 4084 scribendum
881 4041 951 4086 aare
966 4018 1029 4094 τοῖς
1043 4019 1078 4084 iu
1092 4022 1151 4086 τῶν
1168 4019 1256 4107 ἱερῶν

79 4121 195 4204 χαλκοῖς
215 4120 359 4210 τρίποσιν,
385 4113 467 4210 όγκιρ
489 4127 592 4210 πολλῷ
613 4121 665 4189 καί
688 4118 823 4210 μσγόλιρ,
847 4117 1046 4211 χρησόμνυι.

157 4227 263 4308 Capite
281 4228 322 4290 22
340 4228 379 4290 ts
401 4226 526 4292 Aeneas
555 4239 663 4292 narrat
685 4247 748 4304 non
771 4229 874 4292 nullos
897 4226 1032 4292 suadere
1057 4237 1090 4292 ut
1111 4225 1257 4292 noctibus

82 4325 212 4394 bibernis
236 4341 268 4394 et
289 4329 433 4394 obscuris
456 4331 577 4416 lapidas
600 4331 640 4394 de
664 4333 763 4396 muris
786 4332 978 4414 proiciantur
1000 4341 1031 4394 et
1053 4332 1108 4412 qui
1129 4331 1254 4410 iaciant,

82 4434 160 4510 quasi
188 4435 311 4518 aliquos
340 4433 487 4515 videant,
521 4437 715 4517 Interrogent
744 4437 799 4517 qui
822 4436 911 4520 sint:
943 4435 990 4498 sio
1018 4435 1104 4498 anIm
1129 4435 1199 4504 fleri
1223 4445 1258 4500 ut

82 4527 369 4605 animadvertantud
392 4539 419 4604 si
440 4541 496 4622 qui
518 4539 788 4630 adpropInqueut.
834 4549 902 4602 turn
917 4539 994 4604 haee
1008 4537 1106 4620 addit,
1125 4556 1207 4620 ‘¹⁰⁸0
1224 4539 1283 4602 ins
