3252 5130
585 418 803 482 Contrarium.
1219 404 1297 478 593

109 607 166 670 tuit
186 625 353 690 quorsum:
391 608 513 688 quippe
543 607 681 670 mirandi
710 627 817 690 neque
841 608 1010 672 consilium
1039 619 1088 671 est
1110 626 1216 689 neque
1238 627 1301 670 vo-

110 713 221 773 luntas.
269 710 345 773 mihi
369 730 453 772 nuno
476 709 605 776 videtur
628 711 836 792 probabiliter
858 712 955 774 scribi
978 731 1071 793 posse

354 832 460 886 mersa
487 811 682 896 (miramurl)
710 816 793 876 veuit
813 815 852 878 ab
874 813 1037 896 Eurydice.

192 915 317 996 Frigido
341 917 407 978 ioco
430 916 581 979 Martialis
603 935 637 978 nt
661 916 701 978 67
727 919 764 978 to
789 916 868 980 dixit
896 937 957 979 uon
984 923 1098 982 nautas
1124 924 1199 996 puto
1230 933 1300 992 vos‚.

108 1016 377 1102 seddrpoaautos.
413 1019 470 1082 sed
493 1021 613 1102 placuit
636 1021 732 1083 ctiam
755 1020 826 1083 aliis
848 1021 998 1084 similiter
1020 1019 1145 1083 ludere.
1182 1020 1302 1081 Eusta-

109 1123 192 1184 tbius
214 1124 247 1184 in
271 1121 331 1184 0d.
356 1140 409 1185 λιιι
434 1123 494 1183 tac
518 1144 551 1205 p.
572 1123 654 1185 t737
682 1124 765 1206 (bil)
799 1118 832 1188 τὸ
864 1120 898 1187 δὲ
921 1123 1021 1186 θεῖναι
1051 1120 1136 1186 λίθον
1160 1116 1208 1206 νηὶ
1237 1110 1302 1206 θοῇ.

108 1222 204 1289 ἴκελον
221 1218 348 1311 ἁρμόζει
369 1221 418 1288 ἐπὶ
439 1219 616 1311 δυσκινήτοο
631 1221 720 1311 νηός,
745 1219 795 1290 ‘tire
817 1224 871 1290 nal
893 1227 922 1291 oi
945 1219 1037 1310 αῦιῆς
1052 1227 1160 1290 ναῦται
1174 1220 1299 1296 ἀστείως

109 1321 143 1391 ἂν
168 1323 376 1414 Ἀργοναῦται
398 1328 543 1414 λέγοιντο.
598 1325 775 1403 ἀκολούθως
805 1328 840 1394 δὲ
868 1325 920 1394 καὶ
943 1324 1051 1416 Ἀργοῦ
1078 1323 1186 1412 λέγοιτ’
1218 1319 1300 1412 iva

109 1427 229 1516 τοιαύτη
253 1435 336 1504 ναῦς.
385 1432 594 1497 illudentem
624 1435 740 1497 mirum
771 1443 819 1498 cst
841 1434 927 1515 quod
949 1435 1215 1496 Hermeneumata
1242 1451 1303 1494 an·

109 1539 197 1618 tiqua
220 1535 338 1599 codicis
362 1556 449 1598 cccvi
472 1537 597 1600 scholae
621 1538 763 1602 medicae
786 1557 869 1619 quae
892 1539 925 1600 in
941 1538 1042 1599 Monte
1059 1536 1228 1598 Pessulano
1252 1544 1303 1598 est

110 1643 141 1702 iu
164 1642 269 1722 capite
291 1635 358 1724 περὶ
381 1631 497 1725 ἄστρων
521 1635 669 1726 οὐρανίων
693 1642 770 1706 haec
792 1641 921 1719 habent,
943 1635 1043 1724 Λαγός
1066 1641 1163 1721 lepus,
1177 1633 1300 1723 Ἀργο-

110 1737 219 1828 vaira<
238 1747 329 1828 piper
350 1753 459 1825 ucula,
476 1739 643 1830 Ἠριδανός
659 1745 816 1808 Eridanus
837 1745 964 1826 (iuvius,
989 1735 1094 1828 'Aproi
1116 1746 1201 1818 ναῦς,
1219 1739 1300 1826 Arpo

110 1850 211 1910 tracis.
257 1847 316 1910 scd
338 1846 446 1910 addita
469 1847 599 1910 videtur
621 1847 820 1929 Argonautae
843 1848 961 1910 mentio
993 1847 1218 1928 intempestiva
1241 1846 1300 1908 ioci

108 1939 346 2014 recordatione.¹

195 2053 289 2116 Libro
312 2054 462 2116 Martialis
484 2071 539 2116 vru
563 2074 613 2136 ep.
633 2055 673 2114 59
697 2073 729 2118 v.
748 2056 765 2116 l
791 2055 824 2116 in
851 2052 1035 2116 melioribus
1066 2051 1298 2134 exemplaribus
1309 2065 1360 2114 att

110 2157 258 2220 omnibus
292 2159 445 2239 scriptum
480 2167 528 2220 est
560 2177 622 2220 nott
649 2157 712 2240 fuit
740 2155 881 2238 Autolyci
913 2165 974 2219 tom
1001 2159 1146 2239 piperato
1177 2173 1299 2217 monus.

110 2259 196 2340 quod
221 2260 367 2323 inlibris
396 2261 515 2341 aliquot
543 2261 606 2323 lide
630 2261 771 2342 indignis
799 2261 917 2342 legitur
942 2261 1064 2342 piccuto
1091 2267 1303 2320 commentum

111 2374 159 2425 est
182 2361 270 2425 haud
292 2381 369 2426 sanc
391 2362 528 2426 bonum:
556 2383 662 2444 neque
686 2365 772 2426 enirn
795 2362 883 2426 credi
906 2372 1010 2444 potest
1033 2381 1090 2444 pro
1105 2363 1208 2442 picato
1232 2379 1304 2422 um-

110 2483 207 2545 quam
230 2465 351 2528 dictum
374 2485 444 2528 esse
467 2468 638 2547 piceatum.
686 2467 793 2529 sensit'
811 2466 867 2528 hoc
890 2456 1117 2543 Ruhnken'ius,
1151 2461 1209 2525 sed
1231 2481 1304 2525 cum

110 2571 237 2650 putavit
258 2569 464 2633 scribendum
488 2589 558 2632 esse
577 2572 645 2652 pice
667 2571 762 2632 tincta
783 2569 994 2630 coniecturam
1024 2569 1222 2628 coniecturae
1245 2564 1304 2627 ad-

111 2674 218 2752 movit,
245 2692 307 2734 non
330 2672 476 2736 mendae.
522 2673 652 2736 videtur
681 2674 759 2734 mibi
790 2690 903 2734 manus
932 2669 1044 2733 cadem
1073 2669 1305 2749 significatione

111 2775 173 2838 dici
199 2777 347 2858 peperolo
375 2796 438 2856 qua
471 2775 558 2838 ltalis
589 2775 683 2838 hodie
717 2792 817 2838 essere
846 2775 881 2838 di
904 2792 980 2856 pepe
1013 2771 1099 2834 idem
1129 2781 1177 2832 est
1206 2781 1304 2850 atque

112 2878 237 2942 vuirunt
260 2898 341 2942 csse.

196 2983 253 3044 Eis
276 3002 358 3062 quaa
374 2984 507 3045 Hermae
530 2991 553 3044 t.
571 3002 592 3042 v
615 3003 647 3063 p.
666 2983 706 3043 36
731 2979 852 3065 [supra
870 3000 905 3063 p.
923 2976 1009 3062 501]
1038 2977 1181 3057 congessi
1204 2995 1305 3057 pauca

111 3085 205 3148 addo.
255 3085 447 3167 epigramma
470 3105 533 3166 quo
562 3085 712 3148 Martialis
740 3084 968 3166 praelationem
999 3081 1072 3144 libri
1102 3083 1198 3162 primi
1229 3099 1308 3141 con·

112 3190 207 3252 clusit
235 3188 431 3270 adscriptum
459 3199 507 3251 ost
538 3189 571 3250 in
600 3187 763 3250 codicibus
777 3188 894 3251 Valerii
916 3185 1038 3248 Maximi
1061 3203 1083 3247 u
1109 3186 1146 3245 to
1172 3186 1203 3244 8.
1229 3183 1305 3244 libri

112 3312 139 3354 νι
164 3313 217 3374 cp.
238 3291 278 3353 76
302 3311 431 3354 versum
447 3303 597 3374 quartum
619 3291 716 3356 habet
738 3291 901 3373 inscriptio
918 3290 1115 3371 Hispalensis
1137 3288 1212 3350 anni
1237 3295 1311 3366 post

112 3396 274 3469 Christum
297 3413 384 3456 ncxtt
408 3397 440 3458 in
460 3393 624 3458 lluebneri
647 3397 747 3458 lusor.
766 3395 854 3474 Misp.
875 3393 948 3455 Chr.
967 3413 1001 3474 p.
1021 3393 1072 3454 20.
1110 3393 1306 3472 epigramma

114 3497 188 3560 libri
208 3517 237 3560 tx
250 3499 291 3558 98
311 3497 407 3560 habet
425 3497 525 3560 codex
537 3495 791 3560 vindobonensis
810 3497 850 3558 68
869 3517 901 3577 p.
918 3495 982 3574 76·,
1000 3495 1153 3574 scriptum
1173 3512 1191 3554 a
1209 3509 1309 3554 mann.

112 3601 232 3664 saeculi
255 3621 273 3662 x
301 3610 334 3662 et
361 3602 532 3682 repetitum
563 3600 682 3663 deinde
706 3619 724 3662 a
750 3619 847 3662 manu
875 3600 994 3662 saeculi
1016 3615 1068 3659 ιιι.
1115 3595 1202 3677 quod
1224 3597 1307 3656 Mar-

112 3705 197 3766 tialis
221 3723 262 3766 xu
286 3705 325 3766 at
354 3705 390 3764 to
423 3703 501 3766 dixit
533 3705 614 3767 nulli
645 3713 673 3766 te
699 3703 802 3786 socios
830 3703 922 3764 nimis
952 3699 1084 3763 sodalem
1114 3700 1147 3760 in
1171 3697 1311 3771 Querolo

114 3827 145 3888 p.
165 3809 207 3868 38
225 3807 273 3868 Kl.
293 3809 337 3868 ita
361 3808 527 3888 repetitur,
553 3808 668 3870 nemim
689 3814 727 3883 te,
751 3805 888 3885 Qtterole,
914 3804 1007 3866 nimis
1029 3801 1163 3864 sodalem
1181 3799 1304 3882 seceris.

115 3911 312 3990 epigramma
333 3909 431 3971 xxxiii
454 3911 597 3972 imitatur
611 3907 771 3972 Ausonius
794 3908 839 3971 ld.
864 3927 881 3968 r
905 3906 944 3970 26
962 3925 1005 3968 ss.
1029 3925 1062 3986 p.
1082 3903 1139 3965 32l
1161 3905 1195 3963 T.
1228 3920 1312 3983 sup·

116 4013 334 4092 positiciorum
357 4014 550 4093 epigramma
571 4013 717 4093 quintum
742 4011 840 4074 habet
862 4007 959 4072 codex
969 4005 1224 4070 vindobonensis
1244 4005 1306 4065 att

114 4125 186 4194 post
221 4133 350 4176 versum
381 4117 420 4176 68
449 4116 590 4194 Milonis,
628 4115 713 4196 quod
747 4133 875 4176 carmen
904 4110 1049 4174 Matthaei
1065 4108 1314 4173 vindocinensis

116 4217 204 4280 edidi
229 4218 261 4280 in
284 4218 447 4299 Exemplis
469 4220 575 4300 poesis
598 4220 725 4281 Latinae
748 4215 847 4280 medii
871 4215 953 4278 oevi.

205 4320 309 4384 CXIX.
341 4321 496 4402 Apuleius
511 4324 583 4384 Met.
602 4342 620 4384 ν
643 4321 662 4382 5
685 4341 722 4384 ea
744 4327 828 4383 nocte
850 4319 891 4382 ud
912 4336 1002 4381 suom
1025 4316 1156 4398 Psychen
1178 4317 1223 4378 sic
1245 4315 1315 4395 irttlt·

118 4426 250 4486 maritus
279 4421 417 4506 (nomque
436 4433 563 4506 praeter
586 4415 686 4489 ooulm
716 4432 745 4487 et
772 4423 913 4485 manibus
936 4428 965 4485 et
985 4420 1117 4484 curibus
1138 4418 1186 4482 ltt's
1215 4416 1310 4480 nichil

117 4526 330 4610 sentiebatur).
372 4528 449 4590 haec
471 4529 589 4610 scripta
611 4538 687 4592 sunt
708 4529 740 4588 in
757 4526 836 4591 libro
852 4526 1042 4588 Florentino.
1084 4541 1183 4606 prope
1202 4529 1311 4584 autem
