3156 5132
375 381 448 454 382
767 397 811 458 Er
835 405 931 458 arrha
955 399 1164 458 Braottrutnsr.

377 597 464 648 recte
477 587 660 664 Kruegerus
682 585 769 666 quod
791 604 822 647 ν.
842 585 861 646 7
886 585 1054 666 legebatur
1076 587 1133 649 das
1157 589 1190 648 in
1211 585 1264 648 des
1281 588 1419 647 mutavit:
1440 586 1517 646 aiiidu

378 700 560 771 posuerant.
608 688 665 751 sed
694 690 842 752 ultimum
873 689 1094 752 hexametrum
1117 709 1180 752 non
1204 689 1397 768 emendavit,
1424 691 1469 768 qui
1485 691 1518 748 iu·
1559 731 1560 768 p

319 812 368 859 m
378 794 483 874 tellegi
508 781 577 853 non¹
600 801 714 873 potest.
762 810 868 873 neque
889 803 945 854 aut
967 793 1039 854 olim
1063 794 1117 855 alii
1138 811 1254 875 operae
1268 795 1400 874 pretium
1414 791 1519 852 fecerum
1559 781 1560 826 l

375 906 430 959 aut
457 914 563 977 nuper
591 898 618 958 is
648 899 703 976 qui
734 895 939 959 scribendum
969 916 1039 960 esse
1068 895 1259 979 opinabatur
1280 896 1357 978 quod
1376 897 1403 958 si
1420 898 1519 956 namuro
1559 939 1560 972 p

375 1001 531 1081 inspirant
553 999 634 1061 dona
654 999 728 1061 hoec
750 1007 824 1062 tun:
848 1019 921 1062 nam
943 1019 984 1063 ne
1000 1000 1059 1062 hoc
1074 1000 1207 1080 quidem
1222 1000 1362 1080 intellegi
1377 1007 1464 1080 potest
1476 1005 1519 1056 aut.

375 1107 401 1164 si
425 1112 528 1184 potest
550 1102 713 1183 intellegi,
739 1103 900 1166 commoda
924 1113 972 1166 est
995 1105 1164 1167 sententia.
1211 1104 1316 1185 qualis
1337 1113 1433 1164 autem
1452 1119 1522 1180 quar·
1559 1169 1560 1182 ἶ

374 1206 473 1268 renda
500 1216 591 1269 esset
609 1209 767 1269 sententia
790 1208 963 1270 Salmasius
986 1227 1027 1269 ex
1048 1217 1140 1289 parte
1164 1207 1264 1269 vidit:
1296 1206 1352 1269 sed
1374 1203 1450 1286 quod
1467 1205 1523 1263 scri·
1559 1183 1560 1232 ἶ

372 1309 514 1373 bendum
545 1328 615 1372 esse
645 1312 778 1372 coniecit
807 1311 886 1392 quod
907 1312 937 1373 ri
957 1311 1063 1374 aulum
1094 1313 1225 1393 inspires
1248 1329 1353 1391 neque
1375 1307 1523 1370 vocabulum

373 1413 507 1494 praehet
538 1413 625 1494 quod
658 1413 784 1494 placere
812 1416 912 1495 possit
941 1433 1046 1495 neque
1075 1422 1271 1476 consummat
1299 1411 1523 1482 emendationem

374 1536 445 1578 cum
475 1517 556 1578 dona
585 1519 617 1605 in
647 1517 706 1578 hac
735 1520 912 1580 sententiae
942 1516 1040 1580 forma
1071 1518 1183 1580 inutile
1205 1521 1257 1580 sit.
1305 1515 1387 1597 quod
1407 1514 1525 1595 Apuleius
1559 1543 1560 1590 p

374 1623 503 1702 scripsit
524 1622 655 1682 minima
677 1623 849 1683 mutatione
872 1624 1070 1684 restituitur:
1096 1639 1203 1701 neque
1228 1623 1313 1682 onim
1330 1615 1451 1682 dubium
1469 1615 1523 1675 mihi

374 1734 421 1787 est
443 1726 486 1786 ita
509 1743 583 1787 eurn
607 1725 744 1786 locutum
768 1743 851 1804 esse,

481 1829 561 1911 qttod
583 1831 613 1891 si
633 1832 769 1890 animam
793 1831 926 1911 inspires
949 1828 1072 1909 donaci‚
1098 1830 1160 1890 iam
1182 1829 1324 1890 cominu
1344 1833 1440 1889 metro

550 1933 654 1995 cedent
674 1933 756 1994 victa
778 1939 827 1994 tato
850 1933 1019 2014 dulciloquo
1041 1933 1169 1995 calamo.

374 2030 462 2106 δόναξ
484 2036 646 2098 aGraecis
667 2038 770 2117 poetis
792 2054 887 2116 saepe
911 2034 1035 2098 dicitur·
1051 2035 1166 2114 fistula,
1192 2053 1298 2116 neque
1322 2033 1397 2096 iliud
1419 2029 1523 2092 vocahu·

374 2139 440 2202 lum
462 2137 632 2220 Apuleium
662 2138 816 2218 dedecet,
851 2126 1043 2220 quamquam
1066 2140 1163 2201 aliurn
1186 2148 1312 2219 poetam
1335 2140 1463 2199 Latinum
1482 2149 1524 2193 nor

374 2245 502 2304 memini
527 2262 563 2304 eo
586 2245 644 2304 uti.
692 2237 768 2328 <lale
790 2242 880 2322 quale
901 2260 973 2303 vere
992 2243 1092 2324 primo
1115 2240 1219 2303 sibilat
1240 2249 1320 2302 teres
1335 2241 1525 2302 domueran-
1559 2263 1560 2412 p

373 2347 462 2426 pium
486 2355 535 2407 est
559 2347 707 2407 trochaici
730 2363 844 2407 versus
867 2347 900 2406 in
917 2347 1084 2427 Excerptis
1100 2343 1312 2406 Bohiensihus
1327 2343 1409 2426 apud
1424 2340 1484 2402 Eich
1487 2357 1525 2398 ar·

375 2448 506 2511 leldium
535 2459 566 2512 et
588 2449 872 2530 Endlicherump.
891 2448 953 2509 547
984 2451 1051 2511 sive
1082 2452 1114 2510 in
1138 2450 1230 2510 Keilii
1261 2447 1560 2529 grammaticist.u
1559 2457 1560 2496 t

373 2575 405 2635 p.
433 2547 526 2640 622.)

460 2658 531 2719 LiV.
565 2657 841 2735 Elegantissimum
872 2665 918 2716 est
946 2655 1126 2717 Callimachi
1157 2649 1519 2735 epigrammaticum.

373 2779 414 2821 ru
440 2761 499 2819 tto

519 2856 572 2932 Ὡς
594 2856 714 2945 ἀγαθόν
738 2856 924 2948 Πολόφαμος
947 2856 1088 2947 ἀνεύρετο
1109 2857 1162 2926 τὰν
1185 2857 1331 2925 ἐπαοιδὰν

577 2960 762 3051 τῶραμένῳ·
787 2963 837 3028 ναὶ
860 2968 927 3049 γᾶν,
954 2961 1009 3028 oda
1032 2961 1156 3053 ἀμαθὴς
1178 2960 1194 3030 ‘o
1217 2961 1352 3050 adalind.
1559 2989 1560 3056 i

527 3070 558 3131 ul
582 3069 685 3152 μοῖοαι
706 3063 756 3133 τόν
779 3067 878 3154 ἔρωτα
900 3067 1149 3155 κατιοχναόνοντι,
1176 3067 1324 3134 Φίλιππε·
1559 3057 1560 3132 l

578 3165 597 3256 ἧ
619 3170 751 3243 πανακὲς
773 3167 893 3236 πάντων
916 3167 1076 3259 φάρμακον
1099 3167 1120 3237 ἃ
1142 3171 1243 3259 σοφία.
1397 3175 1399 3178 ’
1559 3161 1560 3168 ¹

525 3281 621 3355 τοῦτο,
648 3275 755 3356 δοκέον,
780 3272 823 3362 χά
846 3271 931 3360 λιμός
953 3273 1020 3362 ἔχει
1043 3271 1133 3360 μόνον
1156 3277 1188 3348 ἐς
1209 3270 1247 3340 τό
1268 3271 1383 3361 πονηρὰ

575 3375 733 3464 τόγαθόν·
758 3373 897 3443 ἐκκόπτει
918 3375 972 3444 τὰν
992 3376 1162 3466 ’φιλόπαιδα
1184 3375 1285 3444 νόσον.

527 3478 634 3547 ἔσθ’(
624 3483 693 3567 αμῑν
715 3479 886 3570 χακαοταο’
915 3478 1044 3570 ἀφειδέα
1069 3479 1143 3568 πρὸς
1164 3479 1214 3547 τὸν
1237 3482 1348 3570 ἔρωτα.

577 3609 658 3650 court
679 3593 835 3673 παικειρεο
857 3582 895 3651 τὰ
915 3583 1011 3673 πτερὰ
1031 3583 1202 3674 παιδάριον.
1559 3587 1560 3650 i

527 3683 634 3753 οὐδ’“
619 3715 689 3755 οοον
712 3685 878 3776 ἀπόραγόν
900 3715 935 3755 το
951 3689 1152 3811 δεδοόναέιες·
1178 3691 1209 3754 αἱ
1232 3714 1290 3776 γαρ
1313 3685 1421 3777 ἐπῳδαὶ
1559 3709 1560 3750 i

579 3791 657 3858 οἴκοι
677 3799 719 3857 τῶ
739 3797 865 3880 χαλεπῶ
884 3789 1054 3880 τραύματος
1076 3789 1256 3880 αμφότεραι.
1350 3823 1352 3826 ·

373 3908 538 3979 postquam
563 3918 691 3960 tersum
714 3900 849 3960 alterum
867 3899 1040 3960 hicinekius
1063 3902 1240 3962 coniunctis
1256 3901 1305 3960 eis
1320 3917 1399 3979 quae
1413 3883 1560 3958 Eidiiiu
1559 3971 1560 3998 1

371 4013 402 4064 et
415 4003 595 4064 liecherus
588 4023 640 4064 ιον
644 4011 777 4064 enerant
791 4012 874 4064 reete
888 4005 1026 4064 restituit
1039 4012 1159 4064 restant
1170 4005 1277 4082 quarti
1291 4002 1412 4064 distichi
1423 3993 1560 4060 manda:

372 4125 444 4166 nam
468 4109 537 4167 v.6
562 4107 695 4167 iicckeri
727 4099 880 4170 ἐκκόπτειν
904 4125 965 4167 non
989 4115 1066 4187 puto
1089 4125 1159 4168 esse
1181 4109 1406 4168 necessarium.
1446 4105 1471 4160 in
1489 4093 1524 4154 di-

372 4210 472 4270 sticho
495 4211 548 4270 ilic
573 4229 654 4291 quae
678 4209 761 4272 docti
786 4211 928 4271 homines
951 4218 1146 4290 temptarunt
1168 4228 1231 4270 non
1252 4229 1334 4291 opus
1349 4219 1394 4271 cst
1408 4203 1523 4268 motac-

337 4343 339 4346 ·
371 4315 433 4373 nisi
457 4313 543 4392 quod
566 4313 792 4394 declarandum
815 4332 885 4375 esse
909 4313 990 4375 duco
1014 4333 1071 4375 cur
1086 4333 1127 4375 ne
1142 4314 1276 4375 Bentleii
1295 4312 1418 4394 quidem
1431 4305 1524 4386 opinio

371 4435 444 4478 nem
469 4435 583 4478 eumve
607 4416 735 4479 modum
758 4436 821 4498 quo
836 4417 1013 4479 Meinekius
1033 4418 1087 4478 illa
1103 4419 1251 4498 opinione
1267 4435 1346 4480 usus
1361 4425 1406 4477 est
1418 4405 1523 4493 probau-

371 4519 447 4580 dum
471 4539 540 4581 esse
564 4524 754 4582 existimem.
802 4521 963 4582 Bentleius
986 4523 1084 4600 igitur
1107 4519 1313 4582 scribendum
1337 4537 1402 4581 esse
1420 4507 1520 4575 coniecit
