3182 5132
571 365 740 450 crimen.

310 578 430 661 νυμφῶν
454 569 509 640 ἀπό
532 569 688 660 σπήλυγγα
710 569 759 638 τόν
782 569 959 661 αὐτόστεγον

312 672 441 764 σύαγρον
464 673 617 765 ἐκβόλειον
640 669 770 763 εόθηρον
792 673 892 742 κλύειν

310 773 336 868 ᾧ
357 775 473 846 πλεῖστ’
501 776 641 868 ἀπαρχὰς
664 777 927 867 ἀκροθινιάζομαι.

81 905 158 947 versu
180 887 281 967 primo
305 885 387 948 docti
413 887 557 949 homines
579 881 632 971 τήν
648 888 857 967 seripserunt.
897 898 1061 968 praeterea
1077 890 1155 951 nihil
1173 909 1248 971 pro-

80 989 159 1050 latum
183 992 313 1052 memini
337 1010 399 1071 quo
423 989 685 1070 depravatissimo
708 990 804 1052 verba
829 991 950 1071 possint
972 990 1074 1054 videri
1094 1013 1164 1056 esse
1180 1013 1250 1056 cor-

80 1103 158 1154 recta.
199 1092 417 1156 llerwerdeno
431 1093 544 1156 Exere.
559 1094 629 1155 orit.
644 1114 676 1174 p.
692 1092 732 1156 77
749 1094 837 1174 haec,
853 1103 887 1156 ut
902 1096 957 1174 ait,
972 1105 1127 1178 temptare
1144 1096 1246 1176 libuit,

311 1197 434 1282 νυμφῶν
458 1189 514 1260 ὐπὸ
538 1190 693 1281 σπήλυγγα
715 1191 768 1281 τὴν
792 1189 982 1288 αὐτόστεγον,

312 1295 359 1372 αἷς
381 1293 497 1364 πλεῖστ’
524 1295 663 1386 ἀπαρχάς
686 1293 949 1386 ἀκροθινιάζομαι,

312 1397 441 1489 σόαγρον
465 1403 566 1488 μολεῖν
589 1403 685 1468 ἕλειον
709 1395 839 1490 εὔθηρον
862 1399 955 1468 κλύω.

76 1505 123 1567 sed
143 1507 295 1570 eiusmodi
319 1509 555 1591 temptamentis
576 1528 689 1571 vereor
711 1529 751 1571 ne
774 1529 825 1572 ars
848 1509 1038 1572 emendandi
1062 1511 1093 1572 in
1118 1510 1248 1574 ludendi

77 1608 222 1673 levitatem
251 1621 406 1674 vertatur.
454 1621 618 1694 praeterea
642 1623 677 1675 ut
699 1632 758 1693 per
779 1614 906 1694 linguae
929 1614 1017 1694 leges
1039 1615 1084 1675 sic
1107 1615 1169 1678 dici
1193 1636 1250 1697 po-

77 1716 177 1793 tuerit,
207 1734 270 1777 non
300 1714 455 1778 credibile
486 1726 590 1778 tamen
615 1726 664 1779 est
687 1735 878 1797 quemquam
902 1719 944 1778 ite
968 1717 1126 1780 dicturum
1151 1718 1248 1782 luisse

76 1815 120 1878 ubi
141 1819 223 1881 ultro
246 1839 315 1882 sese
338 1818 503 1882 obierebat
522 1821 600 1883 haec
615 1820 727 1882 melior
741 1822 850 1900 oratio,
876 1816 923 1893 αἷς
937 1811 1057 1884 πλεῖστ’
1074 1815 1235 1908 ἀπάργματ

75 1913 324 2005 ἀκροθινιάζομαι.
371 1943 434 1986 non
458 1922 560 1986 dicam
585 1943 634 1985 me
657 1924 761 1985 omnia
785 1926 921 2005 quaein
945 1924 995 1986 his
1011 1923 1157 1988 versibus
1179 1946 1250 1988 cor-

75 2035 156 2105 rupta
178 2037 251 2089 sunt
273 2027 342 2108 pari
367 2026 589 2108 probabilitate
612 2028 814 2108 emendasse,
847 2028 904 2090 sod
926 2039 1048 2110 partem
1071 2039 1158 2092 certe
1183 2033 1247 2094 veri

73 2127 229 2192 adsecutus
252 2149 323 2192 esse
347 2130 423 2192 mihi
447 2130 558 2194 videor
581 2150 651 2194 cum
676 2133 795 2193 conieci
819 2131 1002 2213 Dionysium
1025 2134 1191 2214 scripsisse

311 2235 435 2318 supprior
459 2225 514 2296 ilco
538 2227 694 2319 σπήλυγγα
715 2228 768 2318 τήν
791 2228 968 2319 αὐτόστεγον

311 2331 453 2422 σόαγρον,
479 2330 635 2422 ἀκρόλειον
658 2328 802 2424 εὔθηρον,
826 2340 938 2416 κλονιῖι,

311 2434 404 2512 <αιιλοῖς
426 2434 457 2503 τ’
482 2435 622 2527 ἀπαρχάς
647 2435 908 2528 ἀκροθινιάζομαι.

74 2539 215 2604 Diodorus
231 2545 357 2607 Siculus
373 2565 402 2606 rr
418 2546 458 2607 22
474 2546 533 2608 τῶν
556 2540 612 2630 γὰρ
632 2543 788 2632 ἐγχωρίων
804 2540 870 2610 τινά
884 2541 1024 2630 κυνηγόν,
1049 2547 1080 2610 ἐν
1096 2546 1157 2619 τοῖς
1172 2542 1251 2611 κατὰ

74 2637 119 2726 τὴν
146 2641 242 2733 θήραν
273 2641 528 2733 ἀνδραγαθήμασι
558 2649 813 2734 διωνομασμένον,
845 2648 877 2713 ἐν
908 2647 961 2734 μὲν
990 2649 1051 2722 τοῖς
1080 2647 1248 2736 ἔμπροσθεν

73 2745 180 2832 χρόνοις
203 2750 346 2815 εἰωθέναι
367 2755 426 2815 τῶν
450 2752 625 2838 ληφθέντων
649 2752 764 2839 θηρίων
787 2749 839 2824 τὰς
854 2748 991 2840 κεφαλὰς
1006 2750 1056 2818 καλ
1071 2749 1139 2827 τοὺς
1154 2750 1249 2827 πόδας

73 2844 236 2918 ἀνατιθέναι
264 2850 469 2942 τῇἊρτέμιδι
494 2853 545 2920 καὶ
566 2860 736 2943 προσηλοῦν
758 2857 819 2929 τοῖς
843 2857 1005 2943 δένδρεσιν.
1052 2860 1190 2922 scholion
1216 2863 1247 2922 in

72 2953 280 3040 Aristophanis
296 2960 419 3022 Plutum
437 2980 467 3022 v.
487 2962 547 3022 tlt
564 2959 635 3033 ἔθος
655 2952 693 3045 ἧν
708 2957 778 3033 τοὺς
793 2957 950 3046 θηρῶντάς
965 2983 1032 3026 τινα
1047 2953 1141 3049 ἀγραν
1159 2961 1247 3049 μέρος

73 3079 96 3120 τι
117 3062 164 3124 τοῦ
185 3061 378 3149 θηρωμένου,
401 3057 420 3148 ἢ
444 3058 498 3149 τὴν
520 3060 655 3150 κεφαλὴν
678 3058 698 3150 ἢ
720 3059 816 3144 πόδα,
839 3067 1009 3159 προσηλοῦν
1032 3061 1178 3153 πασσάλιρ
1200 3067 1249 3130 ἐπί

72 3183 142 3236 τινος
164 3165 286 3251 δένδρου
309 3165 351 3238 εἰς
368 3161 460 3252 αὐτὴν
476 3161 529 3252 τήν
545 3159 618 3252 όλην
634 3163 706 3255 πρός
721 3163 808 3253 τιμὴν
824 3171 877 3254 τῆς
891 3165 1067 3255 Ἀρτέμιδος.
1108 3172 1249 3234 llhianus

72 3265 158 3330 Anth.
176 3270 238 3331 Pal.
257 3289 284 3331 ιι
301 3272 341 3331 3l
365 3265 407 3334 Τό
431 3265 560 3354 ῥόπαλον
582 3275 626 3358 τῷ
649 3267 726 3336 Hori
748 3268 798 3335 καλ
822 3267 941 3359 ἰοβόλον
967 3268 1133 3346 Πολόαινος
1157 3268 1247 3346 Τόξον

73 3363 118 3430 καὶ
135 3367 247 3458 κάπρου
269 3367 375 3437 τούσδε
398 3375 518 3460 καθάψε
540 3370 633 3448 πόδας
658 3371 719 3438 Καὶ
740 3370 850 3439 ταόταν
872 3371 1004 3462 γωρυτὸν
1020 3372 1199 3463 ἐπαυχένιόν
1214 3401 1247 3440 τε

73 3469 212 3562 κυνόγχαν
235 3474 334 3561 Θῆκεν
357 3472 506 3565 ἀρειάρχορ
528 3479 612 3564 δῶρα
635 3478 825 3564 συαγρεσίας.
873 3501 934 3562 quo
957 3483 1064 3543 minus
1086 3491 1191 3544 autem
1208 3480 1247 3543 de

76 3579 208 3643 versibus
236 3582 377 3662 Dionysii
403 3583 616 3645 llerwerdeno
645 3583 799 3646 adsentiri
831 3586 917 3664 potui
948 3605 984 3646 eo
1013 3586 1128 3665 magis,
1161 3596 1248 3666 post-

72 3699 154 3758 quam
173 3688 315 3765 cognovi,
340 3687 408 3748 sine
426 3705 511 3747 mora
528 3686 739 3767 profitendum
755 3689 833 3748 mihi
848 3699 895 3748 est
912 3708 983 3750 eum
1007 3709 1038 3769 p.
1057 3688 1097 3749 'il
1115 3707 1247 3769 praece-

73 3785 146 3860 pisse
161 3780 247 3859 θεοός
264 3789 349 3869 quod
367 3799 387 3850 ι.
403 3808 424 3849 ιι
438 3811 469 3870 p.
485 3790 547 3851 332
559 3787 679 3872 [supro
689 3788 775 3872 587]
788 3791 820 3851 in
833 3791 948 3852 Critiae
961 3788 1109 3854 versibus
1120 3792 1245 3872 scripsi.

147 3893 245 3953 Llllll.
277 3893 396 3954 Vereor
418 3912 458 3954 nc
482 3892 623 3956 nondum
648 3903 732 3958 recte
756 3893 920 3955 emendata
944 3895 1007 3955 sint
1029 3913 1112 3974 quae
1136 3913 1247 3976 capra-

76 3990 131 4052 rius
152 3995 305 4058 Theocriti
323 4015 356 4056 ιιι
375 3995 415 4058 27
424 4017 466 4058 ss.
493 4005 609 4076 cantat,

215 4096 309 4183 ἔγνων
331 4092 408 4183 πράν
431 4092 477 4162 ἀν’
504 4097 607 4184 ἔμοιγε
631 4100 810 4187 μεμναμένιμ
834 4100 860 4164 εἰ
883 4099 996 4186 φιλέεις
1020 4125 1056 4184 με

213 4197 283 4266 οὐδὲ
306 4197 338 4266 τό
361 4203 521 4289 τηλέφιλον
542 4197 728 4288 ποτεμάξατο
749 4198 782 4267 τὸ
804 4199 999 4290 πλατάγημα,

213 4301 282 4370 ἀλλ’
311 4297 408 4378 οὕτως
431 4301 540 4394 ἁπαλῷ
563 4303 628 4370 ποτὶ
649 4302 743 4393 πάχεϊ
766 4296 976 4393 έξεμαράνθη.Ι

75 4405 257 4472 scribebatur
284 4411 358 4473 olim
387 4403 445 4475 όκα
475 4435 531 4495 μευ
562 4410 759 4496 μεμναμένω,
793 4430 893 4493 eoque
925 4414 1063 4493 pertinet
1087 4413 1306 4478 recentiusttr

76 4507 214 4592 scholion,
246 4506 295 4578 ὅτε
319 4514 442 4599 σημεῖον
467 4509 606 4586 θέλοντός
631 4538 686 4600 μου
710 4514 822 4600 λαβεῖν.
871 4515 1014 4595 probavit
1039 4515 1119 4576 hanc
1143 4515 1246 4595 expli-
