3218 5130
300 431 395 490 URBE!
416 447 465 488 Di}
488 446 588 490 nim
611 445 670 488 DE!
692 443 890 488 EORAZlSGffl
913 440 1067 484 GssthllTB.
1228 403 1275 474 43

111 619 163 680 der
181 627 245 681 mut
265 637 370 700 genug
391 620 477 682 batte
500 637 561 680 von
585 615 644 680 der
666 615 803 678 achaten
825 615 922 678 satire
945 612 1004 678 des
1026 619 1134 676 ersten
1156 609 1278 674 bucbes

108 721 153 783 die
172 731 273 784 ersten
296 721 369 784 acht
390 740 483 784 verse
512 718 573 801 (die
595 739 634 784 cu
656 719 809 782 schtltaen
832 737 905 781 men
926 717 994 782 sich
1013 717 1091 796 ietat
1105 732 1207 795 gagen
1224 711 1277 776 die

109 827 206 888 iuuere
229 823 501 905 nothwendigkeit
522 821 590 888 und
612 841 713 903 gagen
736 820 793 885 des
816 820 910 902 gebot
932 821 992 883 der
1006 820 1158 884 besseren
1173 816 1277 880 head

110 926 246 990 schrilten
281 927 462 1009 vergebens
498 925 664 1008 abmttht)‚
709 923 980 1008 stillschweigend
1018 942 1057 986 au
1093 921 1274 1000 esttamen,

108 1031 233 1112 Bentley,
257 1031 315 1094 der
338 1031 450 1094 seinen
473 1041 581 1094 ersten
602 1029 730 1092 lorbeer
752 1028 896 1092 dadurch
919 1045 1053 1109 gewann
1077 1024 1151 1090 dass
1171 1045 1208 1088 er
1223 1026 1275 1090 ein

109 1152 207 1214 gauses
227 1134 332 1215 gebiet
354 1133 414 1197 der
436 1134 655 1216 griechischen
677 1134 837 1196 litteratur
851 1132 898 1195 als
914 1131 1079 1211 ldlsohung
1094 1129 1274 1209 autdeelee,

109 1238 156 1300 der
175 1239 215 1299 im
236 1239 380 1302 Manilius
403 1240 460 1300 mit
483 1238 570 1301 nieht
593 1238 695 1300 seiten
717 1236 928 1318 ttbergrcsser
943 1235 1182 1316 verwegenheit
1203 1236 1276 1298 eine

108 1363 204 1425 mongo
225 1363 286 1406 von
309 1344 412 1407 zellen
434 1341 620 1424 streicbt*),
646 1341 706 1406 der
728 1343 761 1405 in
777 1341 841 1404 den
857 1341 1017 1422 lyrischen
1034 1337 1203 1421 gedichten
1219 1337 1277 1401 des

164 1531 185 1593 ⁸)
203 1531 299 1598 [deber
317 1533 438 1596 Beotteps
455 1533 533 1584 ieritik
549 1535 586 1584 im
598 1533 722 1584 Manutius
740 1533 784 1600 opt
803 1531 889 1594 Haupt
907 1532 935 1582 to
953 1532 1000 1580 der
1018 1531 1158 1596 σιήὶιιῖιιπρ
1175 1543 1211 1580 sc
1228 1531 1275 1581 der

108 1623 181 1680 rpdter
195 1633 242 1668 con
260 1621 314 1669 ihm
330 1619 534 1670 unterdritolctcc
551 1625 688 1684 presseras
707 1619 820 1682 ccsqcbe
837 1619 884 1666 der
902 1617 983 1668 Aetne
1000 1617 1173 1680 qeisprocheo,¹
1199 1629 1225 1665 es
1243 1619 1277 1666 ist

109 1715 149 1751 aar
163 1707 199 1754 ein
216 1707 279 1756 ttott
297 1707 382 1755 dueou
400 1706 525 1766 arbonen,
546 1710 614 1755 etwc
631 1707 667 1754 tm
685 1705 799 1767 anscope
816 1705 863 1753 der
880 1703 1090 1766 siebziperjctrc
1101 1702 1273 1765 pesebrieben,

109 1789 147 1850 cti
165 1793 281 1842 celetem
299 1805 328 1842 er
346 1793 413 1842 caete
434 1803 485 1840 ooo
508 1791 598 1841 selaeu
618 1791 796 1854 prusdsdtsen
813 1792 841 1839 ic
859 1791 905 1839 dor
929 1789 1091 1852 bchoodtuap
1108 1789 1179 1838 cisse
1195 1787 1277 1850 ptetch

108 1878 237 1929 sedeces
256 1883 339 1930 testes
356 1877 534 1941 recbccecbcft
550 1875 630 1944 pict]

160 1965 180 2014 si
202 1965 287 2016 Plauti
311 1964 415 2016 tabulas
439 1965 589 2030 excipimus
613 1965 683 2016 inter
701 1964 857 2014 Latinorum
883 1965 1025 2028 poetarum
1049 1962 1149 2024 scripte
1174 1957 1275 2008 nihile

114 2045 202 2100 librariis
219 2052 298 2117 peius
316 2051 438 2102 habitum
458 2054 497 2102 est
517 2063 597 2116 quam
616 2051 684 2100 haec
701 2051 786 2102 Aetna
806 2049 919 2114 librique
939 2049 1053 2098 Lucretii
1073 2052 1099 2098 et
1118 2051 1211 2114 poetae
1230 2045 1276 2112 qui

115 2133 210 2188 lucilius
228 2138 337 2188 dicitur.
375 2137 422 2188 sed
437 2137 560 2187 Lucretio
579 2141 606 2186 et
618 2135 725 2187 Manilio
744 2137 854 2200 contigit
866 2139 897 2186 ut
908 2137 969 2202 post
980 2135 1061 2186 utilas
1073 2133 1187 2186 aliorum
1202 2132 1277 2184 laho-
1390 2173 1393 2182 .

112 2233 142 2269 res
156 2225 264 2288 aterque
285 2224 489 2274 nancisceretur
507 2222 645 2272 hominem
665 2224 690 2272 in
710 2225 766 2272 arto
784 2221 934 2286 perlectum
947 2222 992 2286 qui
1005 2221 1148 2286 pristinum
1162 2221 1276 2269 nitorem

110 2309 251 2360 orminibus
269 2309 406 2370 redderet,
426 2311 537 2359 Aetnam
556 2308 622 2359 dum
640 2307 774 2374 perpoltre
792 2321 876 2358 conor
893 2321 972 2372 saepe
985 2312 1013 2357 et
1025 2305 1186 2356 lachmanni
1199 2306 1277 2356 auxi-

110 2390 161 2443 llum
181 2396 331 2448 desideravi
355 2398 384 2446 et
400 2394 475 2446 dolui
501 2395 575 2460 quod
592 2395 728 2446 &adeius
752 2408 785 2446 ne
804 2394 887 2446 inlato
906 2395 1017 2460 quidem
1037 2394 1062 2444 in
1083 2391 1274 2444 bibliothecam

109 2477 334 2548 Cauubrigiensam
360 2481 429 2532 libro
448 2481 573 2532 iohannis
591 2482 657 2532 lteri
681 2480 714 2532 ad
732 2480 932 2532 emendandum
950 2492 1059 2530 carmen
1079 2481 1206 2532 invitatus
1223 2484 1274 2532 est.

109 2567 205 2628 quodsi
229 2570 421 2636 pertractasset
445 2567 528 2630 illud,
555 2581 608 2618 uon
634 2569 724 2620 minus
748 2565 915 2618 admirabilia
942 2567 1119 2632 praestitisset
1142 2580 1223 2632 quam
1249 2567 1274 2616 in

108 2651 172 2703 simili
193 2655 305 2705 maculis
324 2656 352 2704 et
370 2654 489 2719 quodem
508 2655 589 2705 modo
608 2655 696 2720 specie
715 2667 824 2720 quoque
844 2655 928 2719 ipsius
946 2653 1073 2704 carminis
1091 2666 1172 2718 opere
1191 2651 1276 2702 Meni-

109 2735 173 2789 liaoc.
206 2743 295 2792 dicam
315 2739 388 2790 enim
407 2739 481 2803 quod
499 2739 600 2790 sentio:
622 2739 729 2790 videtur
748 2739 814 2790 mihi
827 2739 962 2789 Ranttsius
981 2737 1086 2790 nullum
1105 2739 1130 2788 ia
1145 2737 1197 2789 hoc
1209 2739 1276 2788 artis

108 2835 186 2884 genere
207 2826 375 2892 splendidius
393 2823 546 2876 condidisse
565 2827 664 2876 summi
684 2826 782 2889 ingenii
800 2829 1007 2876 monumentum
1026 2837 1107 2890 ᾳιιιιιι
1126 2823 1171 2874 illa
1190 2825 1275 2875 lieni·

109 2907 218 2962 lucorum
237 2911 371 2962 librorum
389 2909 587 2974 emendatione,
607 2925 677 2976 ques
695 2925 711 2961 e
728 2909 821 2962 multis
839 2916 869 2961 ut
887 2923 1044 2962 concessam
1062 2923 1171 2962 omnem
1190 2909 1275 2960 auda-

110 2993 160 3046 tiam
188 2998 320 3050 excedens
352 2997 528 3062 vituperatur.
566 3010 629 3048 nam
659 2999 681 3048 si
712 2997 773 3064 quis
803 3009 872 3061 quse
898 2995 942 3048 ille
974 2996 1093 3048 breviter
1116 2995 1275 3062 plerumque

112 3079 248 3144 imtfioavit
273 3084 419 3134 momentis
443 3083 500 3133 suis
518 3082 661 3148 diligenter
684 3083 876 3150 ponderaverit
894 3085 1041 3148 poeteeque
1060 3087 1145 3134 artem
1165 3087 1191 3132 et
1209 3096 1274 3134 con-

110 3169 259 3220 suetudinem
278 3183 332 3220 ιιοιι
350 3182 383 3220 ex
402 3169 632 3235 depravatissimis
651 3169 803 3236 quibusque
821 3170 953 3232 versibus,
974 3169 1022 3220 sed
1041 3183 1074 3220 ex
1092 3171 1131 3220 eis
1148 3169 1277 3220 carminis

108 3253 207 3314 partibus
224 3269 295 3321 quae
313 3255 404 3321 paullo
423 3257 513 3306 minus
525 3257 634 3307 vitiatae
647 3258 710 3306 sunt
725 3255 873 3306 diiudicare
886 3256 1020 3316 didicerit,
1042 3255 1177 3320 intelleget
1189 3255 1273 3305 multa

108 3349 161 3399 quae
178 3341 310 3392 lenticius
333 3343 445 3407 protulit
468 3343 558 3408 specie
583 3342 763 3392 audacissima
788 3347 815 3393 et
838 3341 926 3392 obiter
949 3345 1080 3406 spectanti
1105 3341 1275 3392 incredibilia
1373 3357 1376 3362 ·

108 3423 181 3474 umen
202 3441 260 3479 essa
285 3441 349 3478 vera
372 3431 398 3478 ei
422 3432 505 3478 certa.
543 3427 592 3479 sed
610 3429 730 3479 Bentlsio
755 3427 821 3478 nihil
838 3427 947 3479 saecule
967 3427 1086 3480 tulerunt
1104 3429 1130 3479 in
1150 3429 1201 3480 hac
1218 3431 1275 3480 arte

109 3521 146 3572 par
158 3517 201 3564 aut
215 3514 382 3574 secundum,
402 3514 504 3565 nedum
523 3518 554 3566 ut
570 3527 619 3578 ego
637 3515 671 3566 ad
690 3513 762 3566 illius
780 3515 879 3580 ingenii
897 3514 1006 3566 laudem
1024 3515 1162 3582 adspirare
1179 3518 1277 3580 potue-

107 3595 208 3650 rime'et
229 3602 329 3653 imitari
353 3600 426 3652 volui
451 3601 566 3666 simplex
590 3600 701 3650 Bentleii
726 3600 853 3650 iudicium
879 3615 995 3666 eamque
1018 3601 1153 3654 custodire
1176 3602 1274 3652 mentis

106 3682 288 3753 salutemque
299 3685 344 3738 ille
356 3687 471 3737 obscura
481 3689 601 3737 contorta
614 3687 703 3750 inepta
713 3685 848 3750 nullisque
860 3687 1007 3738 rationibus
1017 3683 1177 3738 excusabilia
1189 3686 1274 3738 multo

108 3769 176 3831 magis
191 3772 373 3824 reformidavit
389 3785 470 3838 quam
489 3771 667 3823 litterularum
681 3773 857 3823 mutationem
871 3772 961 3838 paullo
973 3773 1154 3824 audaciorem.
1187 3785 1276 3838 neque

107 3849 128 3900 iu
143 3853 362 3921 depravatissimis
380 3861 502 3910 veterum
521 3861 704 3910 monumentis
721 3858 801 3924 quale
820 3859 872 3910 hoc
889 3872 998 3910 mamea
1017 3863 1072 3921 ast,
1093 3859 1144 3909 etsi
1162 3857 1274 3909 adlabo-

107 3941 202 3993 randum
218 3959 282 3998 sane
299 3949 342 3996 est
360 3949 391 3996 ut
408 3959 489 4010 quam
510 3945 621 3996 minima
637 3943 816 4009 delungamur
828 3946 941 3996 traditae
954 3946 1102 4010 scripturae
1115 3946 1271 4004 mutatione,

107 4029 244 4083 emendandi
262 4011 377 4084 audacia
394 4035 442 4082 aut
459 4033 554 4084 evitari
573 4033 727 4098 potestant
744 4032 879 4084 censeoda
898 4035 940 4084 est
953 4035 1007 4083 tem
1019 4031 1132 4096 singulis
1144 4031 1274 4096 exemptis

108 4122 173 4172 itm
189 4119 313 4170 aniverso
332 4118 530 4184 depravatlonis
548 4131 655 4184 genere.
692 4119 741 4170 sed
758 4131 921 4185 quamquam
940 4118 1074 4184 simplicia
1092 4121 1119 4170 et
1130 4119 1202 4170 recte
1215 4120 1274 4170 stu·

108 4193 169 4248 disee
185 4205 311 4266 quaesivi,
333 4205 423 4256 minus
442 4209 532 4256 umen
551 4220 632 4270 quam
650 4205 794 4271 cupiebam
813 4219 856 4258 me
866 4205 1024 4256 adsecutum
1038 4217 1098 4254 assa
1111 4205 1167 4256 soto
1179 4217 1274 4270 spero-

108 4291 151 4342 ttt
167 4286 215 4338 iore
232 4293 263 4342 ut
281 4291 419 4356 paullatim
438 4292 483 4342 alii
501 4305 571 4358 opus
589 4291 737 4357 perficiant.
774 4305 844 4356 quos
862 4293 885 4342 si
903 4291 996 4343 dixero
1009 4303 1103 4354 magna
1117 4305 1160 4342 me
1173 4289 1274 4341 laboris

110 4373 169 4428 wit
185 4373 282 4428 levasse
301 4390 390 4443 neque
409 4391 504 4429 versor
522 4391 556 4428 ne
573 4379 747 4443 adrogantius
764 4379 870 4430 loeutus
888 4389 948 4428 esse
967 4377 1063 4428 videar
1080 4391 1169 4442 neque
1189 4377 1274 4428 matc-

111 4453 211 4512 votoman
236 4463 419 4516 cavillationes
445 4465 601 4519 exemeron.
639 4467 662 4516 si
685 4465 845 4530 quisptam
872 4463 1096 4530 reprehenderint
1121 4463 1193 4530 quod
1220 4477 1274 4514 non

112 4539 168 4592 nulla
189 4561 254 4612 quae
271 4548 381 4604 dubiam
400 4549 502 4604 habeat
518 4551 735 4618 probabilitatem
753 4551 903 4618 cedentque
922 4549 1035 4603 iontem
1053 4550 1197 4618 aliquando
1216 4562 1275 4606 ms·
