3182 5132
347 365 420 438 394
742 382 786 443 Ex
808 399 905 443 arnna
928 383 1135 442 Braocrnansr.

346 571 500 632 cationem
524 569 700 632 Brunehius
722 572 895 651 statuitque
920 570 1095 650 quaerendi
1118 571 1169 631 vel
1192 570 1369 650 periculum
1391 568 1503 631 faciendi

345 674 617 754 significationem.
652 674 842 754 repeturitur
857 674 934 735 haee
945 673 979 734 in
990 674 1149 735 Thesauro
1162 673 1314 754 Stephani
1326 683 1349 734 t.
1360 693 1377 734 ν
1387 693 1416 754 p.
1428 673 1502 748 llll,

345 778 432 840 nullo
455 776 586 858 quidem
608 777 668 839 alio
691 778 835 858 exemplo
855 776 973 839 addito.
1013 795 1118 856 neque
1136 778 1251 838 mirum
1268 787 1334 839 est:
1359 796 1425 839 nam
1440 775 1506 857 quod
1569 803 1570 846 t

346 882 453 963 inepte
468 882 618 944 statuitur
633 899 695 942 non
712 889 815 961 potest
830 879 1009 941 confirmari
1026 879 1191 960 exemplis.
1232 881 1339 960 itaque
1354 899 1420 942 cum
1433 880 1507 940 scho-

346 985 456 1047 liastae
479 995 510 1046 et
526 985 675 1046 Brnnokii
701 984 995 1064 interpretationem
1018 1003 1081 1045 non
1104 1003 1197 1064 posse
1220 982 1344 1046 admitti
1367 983 1507 1062 intellege
1569 1041 1570 1070 ,

346 1106 424 1166 rem,
451 1086 686 1150 emendandum
710 1106 780 1149 esse
803 1087 876 1148 olim
900 1087 1009 1168 putavi
1032 1105 1160 1149 versum
1177 1087 1335 1148 Theocriti
1358 1087 1507 1166 eademque
1569 1075 1570 1164 ,

345 1191 494 1253 hleinekii
525 1190 584 1253 luit
606 1192 775 1258 sententia.
822 1209 909 1252 nune
932 1207 1000 1252 eam
1023 1191 1205 1270 opinionem
1228 1190 1364 1271 depono.
1408 1209 1471 1251 nam
1488 1190 1507 1248 si

346 1295 420 1356 licet
436 1295 542 1356 Latine
566 1293 672 1356 dicere
696 1296 839 1377 cogitanti
859 1293 934 1356 milti
954 1313 996 1355 aa
1018 1311 1065 1356 me
1087 1312 1210 1356 amores
1232 1304 1264 1355 et
1280 1293 1456 1355 Germanice
1472 1292 1508 1352 ιιι

345 1399 392 1461 ich
422 1398 524 1460 daron
554 1398 659 1460 dochte
687 1397 721 1459 ob
752 1398 794 1460 du
821 1397 898 1460 mich
928 1397 1040 1459 lichtest
1076 1396 1190 1478 (neque
1215 1395 1344 1478 negabit
1366 1398 1509 1477 quisquan

346 1502 475 1586 licere),
509 1501 621 1583 quidni
650 1502 797 1564 similiter
819 1503 937 1565 Graece
966 1503 1052 1581 loqui
1075 1503 1176 1582 potnit
1199 1501 1404 1563 Theocritus?
1430 1519 1509 1581 quae-

347 1605 438 1668 rendi
469 1605 728 1686 significationem
758 1625 820 1667 non
852 1607 955 1686 ipsum
979 1603 1057 1667 illud
1081 1607 1222 1667 continet
1246 1603 1438 1690 μεμνημένῳ,
1466 1601 1508 1664 sed

346 1711 487 1772 nascitur
510 1729 546 1771 ea
570 1729 608 1772 ex
632 1708 739 1772 addito
761 1707 805 1787 εἰ,
831 1719 866 1771 ut
888 1727 983 1790 saepe
1006 1708 1040 1770 fit
1063 1708 1220 1771 similiter.
1268 1719 1407 1772 ceterum
1429 1705 1510 1790 ἔμοιγε

346 1831 407 1875 non
431 1823 538 1895 aptum
562 1823 620 1893 est,
645 1822 681 1875 ut
703 1823 790 1875 recte
813 1813 979 1894 scripsisse
1002 1812 1151 1874 videatur
1172 1810 1298 1875 Ahreus
1319 1805 1378 1876 δια
1400 1834 1447 1896 pot
1465 1833 1509 1893 pe-

320 1909 505 2002 ’μναμένιμτ
539 1918 607 1998 ipsa
637 1918 722 1978 enim
752 1915 895 1980 codicum
926 1915 1040 1978 menda
1070 1916 1129 1977 hoc
1150 1917 1249 1996 magis
1274 1917 1414 1978 indicant
1434 1933 1509 1999 qoam

349 2022 435 2102 quod
456 2021 530 2082 olim
553 2019 754 2082 scribebatur
775 2013 832 2083 dxc
849 2041 903 2104 μευ
919 2018 1109 2102 μεμναμένω.
1157 2019 1242 2100 quod
1257 2031 1363 2082 autem
1380 2019 1510 2083 hleinelio

346 2135 513 2207 postquam
535 2125 595 2185 alia
619 2125 786 2206 temptavit
809 2123 949 2204 denique
972 2125 1076 2186 visum
1100 2133 1147 2184 est
1170 2121 1375 2186 scribendum
1397 2113 1507 2185 esselt'

346 2225 449 2312 ἔμοιγε
472 2227 614 2312 δαημένιμ
636 2237 690 2290 aut
711 2221 770 2291 δια
794 2251 849 2311 peu
872 2226 1067 2311 δεδαασμένιν
1090 2225 1116 2290 εἰ
1133 2225 1246 2311 φιλέεις
1263 2250 1312 2309 με,
1337 2225 1371 2288 id
1386 2237 1419 2289 ut
1434 2233 1507 2287 esset.

346 2334 519 2413 reperienti
546 2331 621 2394 malti
646 2351 720 2393 nom
747 2351 794 2392 mc
816 2351 957 2409 amores,
990 2350 1095 2411 neque
1118 2332 1223 2411 specie
1245 2331 1425 2392 mutationis
1446 2347 1511 2390 com

347 2435 517 2498 mendatur
538 2455 645 2516 neque
667 2437 824 2498 sententia
846 2434 948 2497 verbi.
996 2436 1059 2496 scio
1082 2437 1166 2496 enim
1190 2435 1287 2496 luisse
1304 2436 1359 2514 qui
1376 2434 1418 2494 illi
1433 2431 1510 2494 verbo

345 2551 473 2621 praeter
488 2549 593 2602 notam
610 2549 641 2602 et
656 2548 837 2601 consuetam
854 2541 948 2600 etiam
965 2537 1154 2619 experiundi
1172 2539 1223 2600 vel
1238 2537 1418 2599 sciscitandi
1431 2537 1511 2616 sigui-

347 2644 522 2705 ficationem
538 2643 730 2723 tribuerent,
746 2644 803 2705 sed
818 2653 902 2704 reete
920 2642 952 2704 id
969 2642 1080 2704 iecisse
1097 2661 1188 2722 nego.
1221 2661 1294 2704 nom
1312 2642 1397 2722 quod
1408 2641 1463 2702 0d.
1474 2658 1509 2700 ιιι

346 2749 408 2808 346
432 2748 550 2810 dicitur
572 2741 642 2810 ἀλλ’
667 2737 736 2831 ἤτοι
758 2771 791 2810 σε
812 2745 956 2831 γυναῖκας
972 2740 1033 2831 ἐγώ
1049 2741 1218 2810 δεδάασθαι
1233 2737 1337 2830 ἄνωγα
1352 2745 1429 2806 nihil
1444 2740 1510 2804 uliud

345 2861 393 2912 est
416 2870 510 2931 quam
534 2851 618 2913 iubeo
640 2859 667 2913 le
689 2853 831 2912 mulieres
854 2871 986 2928 noscere,
1013 2871 1117 2931 neque
1142 2849 1326 2930 inquirendi
1349 2847 1510 2928 significatio

347 2957 405 3016 isto
434 2954 532 3017 verbo
561 2958 679 3019 rectius
708 2955 894 3017 attribuitur
916 2973 1011 3035 quam
1034 2973 1104 3016 eum
1129 2954 1239 3017 dicunt
1261 2948 1327 3016 ἴσθι
1348 2972 1416 3014 esse
1436 2951 1508 3012 etiam

345 3061 477 3141 emptore
499 3061 648 3140 qnoniam
665 3059 835 3140 Sophocles
850 3061 897 3123 El.
917 3061 956 3120 to
981 3062 1024 3120 ita
1047 3059 1198 3139 loquitur,
1225 3051 1260 3121 ob
1276 3055 1330 3141 μὲν
1347 3050 1442 3140 poids
1455 3045 1509 3114 ὅταν
1569 3135 1570 3140 ¹

346 3187 380 3226 σε
402 3157 505 3248 καιρὸς
524 3157 629 3248 εἰσάγῃ
647 3157 753 3247 Δόμων
776 3160 836 3226 ἔσω
859 3156 949 3226 τῶνδ’
975 3158 1040 3225 ἴσθι
1060 3164 1120 3225 πᾶν
1142 3155 1176 3225 τὸ
1199 3157 1365 3247 δρώμενον,
1380 3149 1470 3226 Ὅπως
1483 3147 1508 3216 dl
1569 3195 1570 3250 ι

346 3260 434 3337 εἰδὼς
459 3261 531 3350 ἡμὶν
558 3261 700 3351 ἀγγείλῃξ
723 3268 816 3351 σαφῆ.
864 3285 971 3346 neque
995 3268 1094 3346 magis
1117 3267 1149 3327 in
1173 3255 1507 3344 omnituentes
1569 3251 1570 3298 l

345 3381 399 3433 aut
430 3373 461 3430 in
485 3371 604 3451 Orphei
629 3372 709 3432 hith.
729 3372 791 3431 3⁴2
816 3364 965 3454 δαήμεναι
994 3371 1053 3432 alia
1082 3389 1177 3451 quam
1200 3369 1352 3431 noscendi
1374 3365 1507 3448 signitica-

345 3476 431 3537 tlone
454 3474 537 3537 dieta
560 3484 645 3536 sunt.
694 3495 763 3536 mox
785 3470 971 3558 πστεμσὶξατσ
994 3469 1027 3537 τὸ
1048 3469 1231 3558 πλατάγημα
1247 3479 1417 3535 consensus
1432 3467 1507 3530 lilim-

348 3597 417 3641 rum
446 3587 564 3640 tuetur.
613 3598 651 3639 ex
682 3579 791 3658 paucis
821 3579 904 3639 cuim
935 3597 1040 3659 neque
1070 3578 1132 3640 lide
1163 3567 1270 3658 dignis
1292 3575 1447 3638 codicibus
1464 3568 1507 3631 ad-

348 3681 448 3744 lertur
476 3675 711 3764 πστιμσξάμενσν
734 3675 924 3766 alorci-moer
955 3681 1039 3762 quod
1064 3683 1095 3742 in
1121 3683 1275 3762 inpressis
1298 3674 1507 3759 exemplaribus

347 3785 632 3848 Mediolanensibus
662 3797 693 3846 et
715 3785 839 3847 Aldinis
868 3785 994 3866 legitur.
1042 3795 1295 3847 conmemoratnr
1323 3783 1354 3846 id
1382 3785 1463 3843 etiam
1482 3779 1504 3834 ln

347 3890 491 3968 scholiis,
517 3890 588 3969 sed,
613 3899 648 3952 ut
670 3888 796 3950 Abrens
820 3899 904 3950 reete
927 3891 1068 3950 statuere
1092 3888 1229 3966 videtur,
1256 3907 1319 3949 non
1341 3883 1505 3958 abantiquo

346 3995 451 4073 aliquo
475 3995 666 4073 interprete,
691 4013 803 4056 verum
827 4013 844 4054 a
868 3993 1014 4054 Zacharia
1038 3993 1203 4072 Calliergo,
1230 3993 1309 4072 istis,
1335 3999 1367 4052 ut
1389 3987 1503 4048 ridetur.

348 4096 583 4178 exemplaribus
606 4117 672 4159 uso.
718 4093 955 4180 πστιμαξάμενσν
978 4098 1103 4177 passivo
1126 4115 1221 4158 sensu
1245 4096 1363 4158 dictum
1378 4093 1444 4153 olim
1458 4103 1503 4148 non

347 4201 442 4262 nullis
465 4201 593 4281 placuit,
620 4201 711 4262 hodie
734 4221 826 4262 nemo
850 4199 929 4262 illud
952 4199 1109 4281 probabit.
1157 4201 1284 4281 plaeere
1302 4206 1439 4280 potestat
1453 4189 1505 4272 plt-

347 4305 411 4364 cuit
433 4305 588 4365 hleiuekio
611 4305 695 4384 quod
720 4304 935 4366 Schneiderus
959 4303 1164 4366 scribendum
1189 4323 1259 4365 csse
1283 4304 1425 4376 coniecit,
1450 4287 1503 4356 olli

345 4399 378 4468 τὸ
401 4404 561 4490 τηλέφιλσν
583 4407 813 4493 πστιμαξαμένιμ
831 4402 1033 4492 plural-gaces.
1080 4416 1185 4468 tamen
1211 4403 1435 4487 repudiandum
1451 4405 1500 4458 est:
1569 4453 1570 4474 ,

289 4507 464 4571 olefactum
487 4521 533 4570 est
556 4500 648 4572 enim'
672 4531 732 4572 non
750 4515 899 4592 antiquae
915 4521 947 4572 et
965 4510 1139 4572 tralaticiae
1155 4512 1333 4591 scripturae
1348 4506 1500 4569 mutatione.
