3156 5132
346 357 418 428 326
742 375 785 434 Ex
808 393 902 435 ιιιιιιιιι
927 375 1133 436 Benenmnnsr.

344 561 461 623 tionem
492 561 576 624 haud
606 581 675 624 raro
699 563 832 645 impedit
855 563 1000 626 mirabile
1024 563 1104 625 illud
1127 574 1157 625 et
1180 565 1271 644 quasi
1295 563 1448 624 luxurians
1465 561 1505 623 di-

345 664 437 726 rendi
462 685 562 746 genus
585 667 635 727 eui
659 685 693 728 se
717 676 815 728 totum
839 666 928 729 dedit
950 668 1086 748 scriptor
1109 677 1139 728 et
1162 666 1363 746 antiquarius
1384 676 1413 727 et
1431 667 1504 728 simol

345 767 514 830 verborum
538 779 680 830 novator.
727 771 784 832 sed
807 769 984 832 cavendum
1008 780 1113 831 tarnem
1138 779 1184 832 est
1207 787 1248 831 ue
1272 771 1301 832 ei
1323 767 1506 831 attribuamus

345 889 426 950 quae
457 871 600 934 scribere
632 891 694 934 non
725 875 827 954 potuit
853 875 915 935 nisi
939 873 1072 936 nimium
1096 875 1124 935 ei
1148 871 1268 934 libebat
1292 873 1433 953 ineptire.
1473 873 1507 932 sir

345 975 487 1054 ineptum
510 984 558 1038 est
581 975 666 1055 quod
689 977 783 1056 vulgo
807 977 922 1056 legitur
945 979 976 1038 in
993 974 1189 1038 Floridorum
1211 976 1301 1036 initio
1316 993 1432 1055 caespes
1446 974 1507 1035 libo-

345 1079 423 1137 mine
442 1077 611 1160 [romipetas
635 1079 817 1160 frustraque
840 1080 969 1142 luerunt
992 1081 1046 1159 qui
1071 1078 1103 1140 id
1126 1079 1209 1141 tueri
1232 1076 1294 1140 sibi
1312 1078 1370 1140 visi
1386 1077 1508 1140 suntad-

346 1181 417 1244 latis
433 1179 652 1244 dissimilibus.
700 1192 808 1243 contra
825 1183 1025 1244 verissimum
1042 1193 1090 1244 est
1106 1181 1192 1263 quod
1208 1182 1241 1243 in
1257 1179 1338 1242 libro
1354 1181 1509 1242 Florentino

345 1303 361 1345 a
387 1285 487 1364 prima
511 1303 606 1347 uranu
629 1286 783 1365 scripturn
807 1296 854 1348 est
877 1303 999 1366 caespes
1022 1284 1164 1347 libamine
1184 1287 1349 1368 umipotus.
1395 1286 1425 1344 iu
1442 1283 1509 1344 Ono·

349 1388 476 1448 mastico
499 1397 623 1449 vetusto
645 1386 731 1468 apud
747 1387 925 1450 labbaeum
943 1407 975 1469 p.
994 1390 1050 1448 86·
1065 1390 1200 1469 legimus
1214 1388 1387 1469 bumiputus
1401 1386 1509 1471 βεβρεγ-

347 1488 446 1573 μένος.
492 1501 541 1552 est
563 1500 667 1552 autem
690 1490 752 1552 illis
768 1491 928 1570 glossariis
943 1491 1116 1571 diligenter
1132 1491 1285 1554 utendum
1301 1491 1402 1570 siquis
1415 1509 1509 1570 operae

347 1596 486 1673 pretium
511 1593 614 1655 lacero
639 1594 705 1656 vult
728 1595 760 1655 in
784 1593 995 1657 emendandis
1017 1605 1113 1675 atque
1137 1593 1385 1673 interpretandis
1406 1593 1510 1673 Apulei

303 1685 493 1777 ³³seriptis.'
539 1697 637 1758 multa
666 1707 770 1758 tamen
799 1697 867 1758 sine
897 1698 981 1759 omni
1010 1696 1174 1760 doctrinae
1203 1696 1357 1777 adparatu
1387 1695 1510 1777 expediri

346 1809 488 1879 possunt.
536 1819 670 1880 quorum
695 1818 756 1860 non
780 1801 866 1862 nulla
890 1801 941 1861 bio
963 1799 1133 1880 proferam.

432 1902 626 1964 Floridorum
650 1922 683 1964 ιιι
702 1901 740 1963 li
764 1923 796 1983 p.
816 1904 856 1963 82
880 1903 957 1965 heco
981 1904 1125 1984 legimus,
1151 1911 1178 1965 et
1200 1903 1337 1964 mendae
1359 1905 1391 1964 in
1411 1903 1511 1963 νοιιιοιιί

345 2008 457 2086 tesquis
476 2006 685 2088 frinpultiunt,
712 2006 859 2068 lusciniae
882 2008 913 2068 in
936 2007 1097 2068 solitudine
1113 2001 1262 2087 Africana
1284 2006 1432 2067 canticum
1449 2003 1511 2066 udit-

345 2110 503 2170 leseentioe
524 2112 681 2192 persium,
707 2110 804 2172 olores
827 2111 910 2191 opud
932 2110 1018 2171 avios
1038 2109 1149 2190 fluuios
1172 2127 1296 2170 cannen
1318 2115 1447 2170 suiectus
1464 2125 1512 2166 ιιι-

345 2212 503 2272 ditantur:
535 2214 686 2274 enimuero
716 2213 768 2293 qui
791 2213 898 2294 pueris
927 2221 955 2275 et
984 2211 1226 2275 adulescentibus
1257 2217 1286 2272 et
1314 2210 1432 2272 susibus
1456 2209 1512 2270 ιιιιιι

348 2333 472 2376 carmen
492 2322 692 2397 prompturus
714 2322 759 2378 est
781 2317 812 2377 in
834 2316 941 2377 mediis
963 2315 1084 2378 milibus
1106 2315 1259 2376 dominam
1281 2322 1384 2376 conat.
1422 2312 1511 2374 merito
1566 2353 1567 2406 p

346 2416 592 2498 Oudendorpius
610 2419 749 2480 offensus
765 2428 813 2480 est
829 2419 880 2480 illa
897 2418 1068 2481 solitudine
1085 2416 1249 2480 Africana:
1277 2417 1431 2480 intellexit
1439 2415 1510 2477 ‘enin
1566 2413 1567 2440 i

347 2519 409 2582 dici
441 2519 563 2600 aliquid
586 2520 736 2584 debuisse
760 2521 844 2601 quod
868 2542 941 2585 aum
965 2521 1093 2584 remotis
1115 2522 1239 2602 tesquis
1261 2521 1406 2600 aviisque
1427 2517 1509 2580 lluriis

349 2633 551 2702 congrueret.
599 2634 630 2686 et
652 2643 711 2704 per
733 2643 768 2686 se
792 2625 853 2686 iarn
869 2624 948 2686 illud
964 2624 1138 2688 absurdum
1155 2633 1214 2687 est.
1261 2642 1369 2703 nuper
1383 2623 1510 2701 scriptun

349 2735 397 2788 est
419 2728 451 2787 in
474 2727 635 2790 solitudine
656 2729 775 2807 aprico.
822 2745 885 2808 quo
908 2739 1083 2791 commento
1106 2729 1186 2790 nihil
1208 2745 1286 2788 sane
1308 2723 1459 2788 eiusmodi
1473 2741 1511 2782 re·

345 2831 489 2892 stituitur
510 2831 603 2910 quale
624 2831 839 2893 necessarium
856 2840 914 2909 est,
941 2841 1048 2893 contra
1066 2829 1260 2894 exhibentur
1276 2827 1370 2890 nobis
1384 2825 1511 2890 lusciniae

344 2935 451 3013 aprica
485 2933 551 2994 loca
581 2942 783 3013 quaerentes.
831 2952 943 2995 veruru
974 2933 1067 2996 hodie
1097 2945 1184 2996 certe
1207 2931 1354 2994 umbram
1376 2937 1473 2992 amant
1489 2935 1511 2985 οι

346 3054 440 3116 opaca
463 3036 613 3116 virgulta,
639 3053 755 3114 neque,
781 3046 867 3116 puto,
894 3038 966 3098 olim
990 3037 1082 3099 aliter
1097 3037 1172 3098 iecit
1193 3029 1327 3121 χλωρηὶς
1343 3027 1442 3117 ἀηδών
1457 3031 1511 3092 ber

346 3137 440 3222 δρέιον
470 3137 502 3201 ἐν
530 3132 686 3202 πετάλοισι
713 3137 904 3222 καθεζομένη
935 3141 1110 3203 πυκινοῖσιν.
1157 3158 1219 3200 uon
1250 3157 1364 3219 magua
1391 3135 1512 3198 acumine

344 3261 423 3323 opus
453 3252 501 3302 ost
530 3253 564 3304 ut
593 3243 797 3322 intellegatur
819 3241 987 3323 Apuleium
1017 3243 1182 3324 scripsisse
1206 3243 1355 3304 lusciosos
1377 3242 1408 3303 iu
1426 3236 1512 3300 solim

345 3346 415 3408 dine
438 3364 551 3406 arcana
575 3347 726 3408 canticum
749 3345 972 3408 adulescentiae
994 3348 1150 3429 parriunt.

430 3446 626 3510 Floridorum
642 3467 672 3510 ιν
689 3449 727 3511 48
751 3469 784 3530 p.
804 3449 839 3510 94
868 3451 910 3510 ita
934 3451 966 3511 in
989 3447 1071 3510 libro
1094 3448 1275 3509 Florentino
1298 3449 1444 3529 scriptum
1463 3449 1509 3512 est

345 3571 426 3615 nurse
457 3569 570 3634 quoqne
599 3553 692 3634 ipitur
718 3554 906 3633 principium
936 3551 1010 3614 mibi
1031 3552 1115 3633 opud
1136 3558 1256 3614 vestros
1280 3554 1369 3614 auris
1390 3545 1512 3626 mettim·

345 3657 495 3718 tissimum
518 3655 555 3716 ob
570 3651 749 3736 Aesculapio
772 3656 825 3716 deo
848 3657 979 3736 copiam,
1005 3657 1059 3736 qui
1078 3673 1180 3716 arcem
1202 3661 1328 3718 nostroe
1345 3646 1512 3729 emungas

345 3757 539 3821 indubitabili
559 3759 683 3820 numine
701 3759 854 3840 propitius
877 3761 993 3840 strepit.
1041 3759 1092 3820 hio
1114 3759 1253 3838 primum
1269 3765 1388 3820 vestroe
1403 3748 1512 3814 Gortlo-

344 3863 425 3944 pinis
456 3881 527 3922 cum
552 3861 657 3922 Colvio
679 3861 886 3924 scribendum
910 3873 968 3923 est.
1016 3871 1082 3924 turn
1106 3860 1223 3924 frustra
1247 3859 1427 3922 laborarunt
1446 3849 1512 3914 docti

347 3965 491 4026 homines
513 3973 549 4026 ut
565 3967 708 4046 ineptum
725 3964 805 4027 illud
820 3968 928 4047 strepit
943 3963 1161 4027 emendarent.
1209 3983 1344 4044 quorum
1362 3963 1387 4023 is
1400 3955 1511 4020 nimium

345 4065 406 4128 sibi
437 4067 553 4148 placuit
586 4069 640 4148 qui
668 4085 781 4130 verum
805 4088 838 4130 se
863 4069 1032 4130 restituere
1054 4065 1192 4129 eredidit
1214 4067 1241 4128 si
1264 4067 1335 4150 tepit
1355 4065 1462 4126 laceret
1481 4071 1510 4114 s!

345 4170 398 4232 illo
413 4173 530 4251 strepit.
564 4191 626 4234 non
638 4169 850 4234 dubitandum
863 4181 911 4234 est
922 4172 1089 4253 scripsisse
1101 4167 1273 4251 Apuleium
1285 4169 1389 4250 saepit.
1420 4159 1509 4224 sedern

346 4271 437 4334 modo
467 4271 575 4355 olim*)
609 4273 702 4336 docui
732 4275 765 4336 in
795 4275 930 4355 epistula
960 4276 999 4336 ll.
1026 4273 1169 4336 Caesaris
1199 4271 1240 4336 ad
1263 4275 1442 4334 Frontonem
1456 4260 1509 4324 ml

433 4498 456 4562 *t
478 4497 524 4565 [lo
542 4499 612 4550 coloe
629 4502 837 4564 opoepoticorum
858 4498 943 4550 erare
958 4511 986 4562 p.
1002 4496 1061 4564 tu]
