3160 5132
382 385 453 457 100
637 397 848 460 Aranrurscsr
870 415 963 460 rents
985 415 1044 460 orn
1066 414 1308 460 rsnrnnrusorr.

965 691 982 752 l

408 845 551 928 (ootwort
574 843 635 927 auf
651 847 830 909 Burmooos
852 845 936 928 brief
953 863 1020 906 vom
1043 845 1107 908 hin
1124 846 1199 925 juni
1221 845 1316 930 tlte,
1342 845 1390 906 bei
1413 845 1519 909 Wordt·

712 1002 717 1011 .
838 949 937 1016 worth
960 951 992 1028 2,
1010 947 1097 1030 bib.)

513 1137 728 1202 Celeberrimo
751 1149 783 1201 et
805 1139 1022 1202 eruditissimo
1045 1137 1113 1200 viro
1136 1139 1227 1200 Petro
1249 1141 1428 1202 Burmanno

694 1244 727 1304 S.
753 1245 786 1304 P.
811 1245 848 1304 D.
873 1242 1051 1305 liicherdus
1072 1243 1245 1305 Bentleius.

462 1415 667 1478 Gratissimae
682 1417 760 1478 mihi
776 1414 907 1478 inerunt
921 1415 1047 1478 litterae
1062 1425 1135 1478 tuae
1150 1414 1191 1477 ab
1207 1416 1432 1478 humanissimo
1447 1416 1538 1478 iuvene

375 1518 533 1600 perlatae,
560 1517 617 1582 diu
638 1521 724 1580 enim
746 1528 794 1580 est
816 1537 888 1580 cum
911 1518 991 1580 nihil
1013 1517 1188 1601 quidquam
1210 1538 1229 1581 a
1252 1528 1282 1582 te
1306 1520 1432 1602 accepi,
1456 1539 1491 1580 ne
1509 1517 1538 1580 ab
1564 1509 1565 1570 l

376 1623 428 1685 illo
458 1622 587 1702 quidem
616 1632 758 1704 tempore
788 1639 851 1704 quo
873 1621 1062 1703 Lugdunum
1090 1632 1122 1684 te
1151 1621 1192 1684 ad
1221 1641 1339 1684 novum
1366 1641 1477 1685 munus
1499 1639 1538 1682 ra-

374 1727 568 1808 pessendum
603 1725 773 1788 contulisti.
822 1744 884 1806 quo
918 1726 1018 1806 magis
1051 1726 1149 1787 miror
1181 1726 1249 1788 sive
1282 1727 1387 1806 potius
1417 1725 1538 1806 indignor

375 1828 466 1892 binas
489 1841 559 1892 tuas
582 1847 661 1910 quas
683 1847 838 1890 memores
855 1827 1004 1910 epistolas
1019 1827 1231 1892 intercidisse.
1272 1830 1466 1912 saepiuscule
1479 1847 1537 1890 sane

375 1931 477 2013 frigus
498 1933 575 1994 mihi
598 1931 686 2014 apud
706 1933 823 1996 amicos
846 1941 972 1996 exteros
987 1933 1170 2012 intervenit,
1195 1930 1272 1995 dum
1288 1942 1465 2014 queruntur
1477 1931 1538 1994 nihil

375 2055 425 2099 me
455 2037 598 2118 responsi
628 2035 757 2098 dedisse
785 2036 888 2098 literis
916 2036 1036 2098 scilicet
1059 2055 1140 2118 quae
1163 2054 1327 2117 nunquam
1351 2034 1393 2100 ad
1415 2055 1461 2098 me
1480 2053 1538 2116 per-

373 2142 532 2202 venerint.
580 2138 787 2221 quamobrem
820 2141 847 2201 si
881 2140 1068 2220 quiequam¹
1086 2140 1217 2221 posthac
1250 2141 1296 2201 rei
1326 2140 1429 2204 seriae
1455 2158 1471 2201 a
1496 2123 1538 2198 ιιιιΙ

315 2261 363 2308 oto
374 2254 517 2308 curatum
546 2243 650 2324 voles,
680 2242 812 2306 obsecro
834 2253 870 2306 ut
891 2245 1047 2305 llercurio
1068 2241 1196 2324 publico
1218 2244 1324 2324 potius
1345 2261 1440 2324 quam
1462 2241 1539 2304 male·

373 2347 445 2410 fidis
467 2367 563 2429 saepe
585 2345 833 2412 adolescentulis
850 2347 960 2410 literas
976 2347 1161 2408 committas.
1202 2347 1320 2426 gratias
1336 2345 1396 2408 tibi
1411 2365 1484 2428 quas
1496 2361 1539 2425 par
1564 2367 1565 2434 ι

369 2460 422 2514 est
449 2451 551 2514 habco
578 2450 619 2513 oh
642 2451 908 2533 elegantissimam
930 2460 1016 2514 tuam
1040 2452 1102 2512 iam
1124 2449 1229 2512 adhuc
1251 2459 1405 2512 musteum
1428 2447 1537 2510 Phaedri
1564 2519 1565 2534 χ

373 2553 563 2618 editionem:
590 2557 731 2636 priorem
753 2564 841 2617 tuam
863 2563 898 2616 ut
920 2553 1060 2635 primum
1083 2553 1222 2634 prostitit
1243 2551 1359 2635 cupide
1383 2554 1458 2616 mihi
1479 2551 1535 2627 emi,
1564 2601 1565 2638 p

372 2677 413 2720 ex
442 2658 500 2720 hac
528 2647 626 2737 noval,
656 2656 711 2720 ubi
740 2658 840 2720 semel
869 2666 1050 2738 compactus
1077 2657 1174 2720 luerit
1202 2654 1320 2735 codex,
1352 2658 1495 2720 maiorem
1513 2661 1537 2713 ot
1564 2679 1565 2692 ι

325 2792 327 2796 -
371 2779 511 2842 auguror
539 2761 731 2842 voluptatem
761 2770 921 2840 capturus.
969 2759 1059 2822 doleo
1090 2758 1241 2840 equidem
1271 2758 1357 2842 quod
1378 2760 1457 2822 nihil
1478 2755 1537 2820 mihi

371 2882 457 2926 nunc
479 2863 519 2928 de
541 2865 650 2945 praelo
673 2863 789 2926 exierit
811 2864 897 2945 quod
911 2857 1074 2948 ἄντίδωρον
1089 2862 1148 2925 tihi
1165 2864 1298 2926 mittem.
1339 2863 1465 2928 immani
1479 2877 1537 2922 sana
1564 2835 1565 2872 ¹

370 2976 501 3048 sumptu
523 2976 654 3048 propter
675 2967 841 3048 vectigalia
863 2965 1013 3029 solvenda
1029 2966 1104 3028 libri
1120 2967 1172 3028 hic
1186 2965 1407 3030 excuduntur:
1432 2977 1474 3044 tu,
1496 2961 1536 3044 qui
1564 2959 1565 2972 ¹

372 3069 404 3130 in
433 3069 490 3131 vili
513 3069 640 3132 chartae
669 3088 793 3132 annona
817 3069 971 3149 versaris,
1004 3070 1068 3133 noli
1091 3055 1289 3133 committere
1312 3079 1348 3132 ut
1369 3071 1472 3152 praela
1493 3083 1537 3148 per
1564 3053 1565 3138 J

372 3183 402 3235 te
425 3173 607 3254 frigescant.
654 3172 774 3254 gaudeo
798 3183 829 3235 te
852 3174 914 3235 iam
930 3172 1043 3235 Ovidio
1067 3192 1179 3236 manus
1201 3173 1384 3252 admovere,
1409 3173 1461 3236 uhi
1481 3170 1537 3250 plu·
1564 3165 1565 3206 l

372 3276 452 3337 rima
480 3285 551 3357 post
581 3277 741 3357 egregiam
764 3276 885 3338 lleinsii
914 3295 1044 3358 operam
1072 3277 1177 3340 adhuc
1200 3275 1392 3338 medicinam
1413 3281 1535 3356 poscunt·

370 3379 450 3443 illud
472 3378 547 3442 vide
573 3375 616 3442 2⁶³
644 3380 955 3460 metamorphoseon:
1564 3397 1565 3428 t

525 3484 618 3566 Βορέα
640 3483 713 3546 solis
735 3489 803 3545 erat
824 3480 1002 3546 sublimibus
1024 3483 1091 3546 olto
1111 3483 1270 3559 columnis,
1564 3431 1565 3478 1

527 3586 622 3648 ctare
643 3587 772 3648 micante
793 3605 871 3648 auro
890 3585 1090 3668 flammasque
1112 3585 1247 3648 imitante
1264 3604 1394 3668 pyropo.

370 3687 449 3768 quid
477 3687 570 3750 sodes
598 3697 647 3750 est
675 3689 741 3752 olto
768 3688 970 3752 sublimibus?
1004 3687 1082 3770 quid
1110 3699 1217 3752 autem
1246 3689 1374 3754 mrbome
1401 3683 1536 3752 inritauit?
1564 3749 1565 3754 ,

367 3789 428 3852 sed
449 3790 550 3853 facilis
572 3790 750 3854 emendatio
773 3802 839 3856 est:

524 3895 617 3978 Βορέα
638 3895 711 3958 solis
734 3903 801 3960 erat
821 3893 999 3960 sublimiter
1020 3915 1095 3958 orrr
1117 3896 1275 3977 colomers,

526 3997 621 4060 clara
642 4017 750 4062 meaos
773 4017 851 4062 auro
869 3999 1069 4081 flammasque
1091 3999 1226 4062 imitante
1243 4019 1372 4083 pyropo.
1564 4071 1565 4084 Σ

369 4098 427 4162 sed
456 4108 491 4161 tu
519 4099 614 4162 credo
643 4101 702 4164 hoc
728 4102 947 4183 praeripuisti.
993 4102 1064 4165 vale
1090 4120 1128 4164 ac
1153 4102 1236 4166 bene
1264 4123 1331 4166 rem
1354 4119 1429 4182 gere
1450 4108 1477 4160 et
1496 4109 1533 4154 me
1564 4109 1565 4122 *

368 4221 475 4264 amare
498 4221 608 4284 perge.
656 4204 877 4285 Centabrigiae
899 4203 981 4287 hug.
1006 4206 1059 4269 25.
1088 4203 1181 4268 4748.
1564 4179 1565 4262 l
