3156 5132
334 381 409 454 340
731 397 774 458 Ex
797 415 894 460 urum
916 389 1126 458 Bmourunu'sr.

332 585 517 668 Dionysium
547 585 587 648 de
610 588 714 668 Burgo
745 606 837 649 usum
867 605 937 649 esse
967 588 998 647 in
1021 583 1240 646 Declaratione
1262 585 1377 646 Valerii
1399 586 1495 646 Marini
1567 619 1568 642 ι

335 689 480 752 Hertrius
508 687 672 751 adnotavit
695 690 845 752 Prisciani
868 699 920 752 t.r
944 709 976 770 p.
994 690 1047 750 36.
1082 687 1164 750 addo
1195 686 1339 750 eiusdem
1362 689 1497 768 scriptoris

334 793 518 856 memoriam
553 793 691 855 inveniri
722 795 754 854 in
787 793 941 856 Benzonis
971 793 1111 874 episcopi
1145 789 1296 854 Albensis
1329 790 1368 852 ad
1398 792 1498 852 Heinri-
1567 813 1569 852 ι

335 915 407 958 cum
422 914 452 957 ιν
475 896 698 977 imperatorem
722 897 842 978 libror,
868 895 924 959 ubi
948 897 1026 959 baec
1048 897 1198 976 leguntur
1219 895 1262 976 (in
1279 895 1390 957 Pertzii
1405 896 1498 976 Script.
1568 949 1569 953 ,

335 1011 357 1062 t.
376 1019 405 1061 n
428 1021 460 1081 p.
479 998 568 1083 599),
689 1070 694 1078 Ι

308 1097 311 1104 ⁴
464 1105 552 1167 Maro
575 1112 660 1167 votes
683 1105 883 1181 Mantuanus,
909 1106 1053 1166 Lucanus
1076 1111 1103 1164 et
1126 1104 1254 1178 Stultus,

466 1207 620 1270 Helorus
642 1225 696 1270 seu
723 1205 756 1289 (i.
782 1206 854 1290 sive)
883 1208 1032 1269 Homerus
1054 1213 1081 1268 et
1103 1213 1205 1268 noster
1228 1207 1384 1282 Horatius,

465 1310 606 1386 Grillius,
633 1311 853 1389 Quintilianus,
879 1311 1009 1373 comicus
1036 1309 1192 1372 Terentius

460 1413 681 1494 formidassent
702 1415 783 1498 repis
806 1433 892 1495 opius,
917 1432 974 1496 φιιο
996 1414 1042 1475 nil
1064 1411 1273 1475 eoeoellentius.

334 1514 529 1579 adscribitur
553 1515 596 1577 ibi
620 1536 690 1580 esse
714 1517 745 1578 in
769 1516 876 1580 codice
896 1517 1037 1594 Grillius,
1063 1514 1121 1578 sed
1143 1513 1316 1596 legendum
1341 1514 1433 1578 videri
1448 1517 1504 1577 Gel·
1570 1553 1571 1578 ι

335 1620 407 1682 lius.
454 1620 668 1682 coniecturam
692 1620 786 1682 vilem
810 1630 842 1682 et
865 1619 974 1682 falsam
999 1619 1172 1700 protulerat
1195 1619 1257 1680 iarn
1279 1616 1460 1698 Arntrenius
1479 1621 1503 1679 in
1568 1675 1571 1681 .

333 1721 465 1784 bratore
488 1742 544 1784 suo
567 1743 599 1804 p.
620 1722 692 1786 452.

275 1825 321 1872 ¹⁵⁴
422 1825 486 1887 XV.
513 1825 638 1888 Hesiodi
663 1837 869 1908 praeceptum
893 1827 925 1888 in
948 1825 1109 1907 Operibus
1131 1836 1163 1888 et
1185 1823 1302 1888 diebus
1324 1844 1352 1886 ν.
1370 1825 1458 1886 stas.
1480 1827 1504 1886 in
1555 1850 1572 1886 ·,

336 1928 484 1992 omnibus
507 1927 599 1990 libris
622 1930 665 1990 ita
687 1931 841 2010 scriptum
865 1940 924 2008 est,

490 2025 540 2095 τόν
563 2030 707 2117 φιλέοντα
728 2031 827 2117 φιλεῖν
850 2027 901 2095 καὶ
923 2035 966 2118 τῷ
987 2025 1141 2118 προσιόντι
1164 2031 1333 2116 προσεῖναι,

491 2131 542 2199 καὶ
566 2129 656 2220 δόμεν
679 2127 713 2206 ός
734 2157 785 2198 κεν
810 2136 854 2221 δῷ
876 2131 926 2200 καὶ
949 2131 990 2220 μή
1014 2129 1104 2220 δόμεν
1126 2129 1159 2207 ός
1182 2157 1232 2198 κεν
1257 2130 1296 2218 μό
1322 2135 1377 2220 δῷ.

336 2258 443 2321 neque
471 2239 564 2302 aliter
592 2241 746 2320 scriptum
772 2248 900 2302 veteres
921 2241 1117 2321 grammatici
1140 2241 1299 2320 legerunt.
1346 2237 1506 2320 Apollonius

338 2345 370 2405 in
400 2344 512 2406 Lexico
536 2343 699 2405 Homerico
728 2363 759 2424 p.
780 2343 850 2403 654
879 2344 980 2406 Rekk.
1014 2339 1094 2407 εἶναι
1122 2345 1226 2424 inquit
1254 2336 1432 2413 όἩσίοδος
1458 2337 1505 2403 ἀντὶ

337 2449 388 2510 τοῦ
412 2444 508 2510 ἰέναι·
535 2439 612 2508 “nui
633 2447 676 2531 τῷ
697 2439 851 2531 προσιόντι
870 2446 1058 2531 προσεῖναι.”
1106 2445 1190 2508 idem
1212 2447 1374 2528 profertur
1388 2447 1419 2508 in
1435 2447 1505 2508 scbo

337 2552 389 2613 liis
404 2550 618 2612 Bessarioneis
642 2558 673 2611 et
689 2549 909 2631 Lipsiensibus
932 2551 965 2612 in
988 2551 1023 2612 li.
1042 2568 1091 2612 ειν
1108 2549 1181 2628 tot,
1206 2545 1274 2634 εἴη·
1299 2543 1365 2613 ἀντὶ
1386 2545 1499 2613 robiis

338 2649 413 2717 “sul
434 2657 478 2739 τῷ
498 2647 652 2738 προσιόντι
672 2652 862 2738 προσεῖναι,”
884 2647 951 2716 ἀντὶ
972 2653 1024 2716 τοῦ
1046 2651 1215 2738 προσιέναι.
1263 2655 1338 2716 item
1355 2655 1386 2716 in
1402 2653 1505 2716 scholiis

338 2759 370 2820 in
393 2757 454 2820 Od.
473 2777 482 2818 ι
501 2758 575 2836 406,
600 2751 696 2818 εἶναι·
722 2751 788 2819 ἀντὶ
810 2759 864 2819 τοῦ
888 2755 975 2837 ἰέναι,
1002 2749 1201 2828 ὡςἭσίοδος
1225 2751 1303 2819 “uui
1323 2759 1366 2841 τῷ
1379 2748 1507 2842 προσιόιπ

335 2859 529 2945 προσεῖναι,”
552 2856 697 2943 lualwire
721 2857 893 2943 δισσολογία
916 2854 1096 2945 εὑρίσκεται.
1143 2860 1200 2924 sed
1225 2860 1258 2922 in
1274 2858 1432 2943 Odysseae
1452 2857 1507 2938 qui·

337 2964 410 3027 dem
441 2964 493 3025 iilo
523 2981 620 3025 versu
643 2963 698 3044 qui
721 2959 800 3026 εἶναι
824 2964 866 3025 ita
889 2965 1090 3045 explicarunt
1112 2963 1196 3026 docti
1219 2963 1325 3026 videri
1349 2963 1507 3026 maluerunt

337 3086 432 3148 quam
456 3075 540 3128 recte
558 3065 710 3130 iudicare.
743 3067 895 3129 dicuntur
911 3068 999 3146 baec,
1026 3061 1094 3130 ἀλλ’
1119 3065 1219 3130 ἐθέλοι
1236 3089 1279 3147 σε,
1306 3065 1436 3152 φέριστε,
1456 3057 1508 3146 περὶ

337 3167 441 3240 ξείνοιο
456 3166 592 3255 ἔρεσθαι,
604 3163 760 3234 ‘Oeniden
777 3161 863 3241 οὗτος
879 3164 968 3255 ἀνήρ,
984 3169 1072 3255 ποίης
1088 3164 1116 3233 δ’
1136 3169 1167 3241 ἐξ
1182 3159 1307 3256 εὔχεται
1322 3166 1401 3234 εἶναι
1415 3165 1505 3250 Γαίης

335 3273 393 3338 ποῦ
415 3270 449 3335 δέ
470 3265 505 3337 νό
527 3272 557 3336 oi
579 3267 667 3357 γενεό
691 3269 742 3336 καὶ
763 3268 867 3359 πατρὶς
890 3264 1021 3358 ἄρουρα;
1048 3274 1171 3337 nulium
1195 3285 1271 3356 puto
1294 3273 1414 3338 adferri
1435 3289 1507 3354 posse

336 3385 559 3458 argumentum
588 3396 651 3457 quo
681 3376 833 3440 doceatur
861 3373 940 3440 εἶναι
962 3376 1049 3439 aliud
1072 3377 1123 3439 bio
1144 3377 1324 3458 significare
1348 3395 1438 3459 quam
1457 3390 1508 3436 esst

337 3500 440 3561 quove
470 3479 511 3542 ab
534 3481 697 3543 Homerica
720 3482 860 3542 oratione
882 3479 1085 3543 abiudicetur
1107 3481 1378 3562 simplicissimum
1400 3475 1509 3542 dicendi

337 3603 438 3664 genus
465 3583 551 3664 quod
573 3603 591 3646 a
614 3583 700 3646 nulla
723 3584 784 3646 alia
807 3585 918 3646 Graeci
942 3585 1098 3646 sermonis
1120 3585 1225 3664 specie
1248 3594 1303 3646 aut
1326 3594 1425 3646 aetate
1445 3581 1508 3642 alie-

339 3705 415 3750 num
438 3696 496 3749 est.
544 3694 576 3749 et
598 3685 750 3749 scribitur
772 3687 868 3750 bodie
892 3687 1068 3748 rectissime
1092 3688 1125 3748 ΙΙ.
1145 3707 1193 3749 xri
1212 3687 1271 3770 454
1296 3681 1360 3772 εἴμ’
1378 3686 1410 3749 lu
1426 3681 1509 3749 Παιο-

337 3785 402 3873 νίης
424 3783 584 3876 ἐριβώλου,
611 3783 720 3874 τηλόθ’
746 3783 867 3872 ἐούσης.
915 3789 1074 3853 dubitavit
1088 3790 1272 3853 Eustatbius
1288 3812 1321 3872 p.
1343 3791 1421 3853 4228
1435 3787 1509 3850 ii:

341 3895 422 3956 1342
440 3895 498 3972 ii,
529 3887 562 3957 τὸ
587 3889 615 3956 δ’
643 3887 713 3978 Εἰμ’
740 3893 776 3956 ἐκ
799 3890 946 3977 Παιονίης
968 3887 988 3978 ἢ
1012 3889 1045 3956 τό
1074 3890 1137 3978 εἶμι
1159 3891 1247 3978 δηλοῖ
1268 3885 1289 3976 ἢ
1312 3888 1346 3957 τὸ
1368 3889 1428 3976 cipi
1445 3883 1508 3952 ἂνο-

338 3989 457 4068 tulto<
479 4000 515 4082 τῇ
538 3997 569 4070 ἐξ
586 3991 924 4083 Ἀχιλλέως-ἐρωτήσει,
948 3995 1120 4081 πυθομένου
1142 3993 1194 4068 Τίς
1209 3993 1303 4060 πόθεν
1327 3993 1370 4068 εἷς
1392 3990 1506 4078 dmpsit}

340 4101 503 4162 inclinavit
532 4102 628 4181 igitur
656 4101 697 4164 ad
727 4121 834 4164 veram
858 4103 1060 4164 sententiam.
1107 4103 1214 4182 itaque
1237 4109 1356 4163 semoto
1377 4095 1449 4162 εἶναι
1469 4093 1509 4154 illo

341 4204 504 4265 Homerico
526 4205 621 4286 plane
643 4205 818 4267 solitarium
842 4213 891 4266 ost
911 4203 1068 4290 προσεῖναι
1090 4206 1123 4266 in
1139 4203 1265 4268 Hesiodi
1290 4203 1426 4265 carmine
1440 4193 1507 4279 quod

339 4307 449 4369 volunt
479 4307 562 4370 idem
592 4327 661 4370 esse
691 4317 786 4389 atque
817 4305 904 4371 ἰέναι.
952 4327 1053 4389 quare
1075 4307 1230 4388 suspicari
1254 4315 1342 4369 certe
1363 4317 1507 4387 possunuu

341 4429 381 4472 ne
404 4410 456 4471 hic
478 4409 608 4490 quidem
632 4410 727 4473 iidem
751 4411 931 4474 habendam
954 4430 1024 4473 esse
1048 4411 1189 4492 antiquis
1211 4409 1435 4490 grammaticis,
1461 4399 1505 4464 sed

341 4511 430 4576 aliud
453 4514 561 4577 latere.
608 4531 716 4596 neque
739 4513 834 4576 fldem
857 4515 904 4576 eis
927 4512 1037 4577 habuit
1060 4513 1288 4595 Ruhnkenius,
1314 4513 1369 4597 qui
1390 4523 1506 4574 mmmc-
