3178 5136
334 370 409 441 516
735 380 778 440 Ex
801 397 897 440 asana
920 380 1128 440 Buaonrrrrtvsr.

334 571 476 634 inaudita
500 579 533 631 et
555 587 706 651 perversa
737 577 823 630 esset
845 569 1024 648 vituperata
1046 576 1107 628 est.
1153 564 1346 646 prudentius
1366 562 1405 625 da
1423 563 1499 625 altor-

335 675 456 736 ratione
479 673 531 734 illa
553 692 571 734 a
593 673 809 754 patronymico
830 681 905 753 typo
928 669 968 732 ad
997 669 1192 749 gentilicium
1225 667 1307 729 iacta
1330 665 1499 728 iudicaverat

335 777 509 839 Lobecltius
525 776 604 837 Prol.
622 775 711 856 path.
728 791 760 856 p.
779 775 853 836 l00.
880 791 985 853 neque
1008 770 1150 834 inaudita
1180 781 1229 832 est
1251 771 1403 832 Icariotir.
1438 769 1498 848 tegi

333 899 405 942 mus
428 881 460 940 iu
486 879 593 941 Culice
616 897 648 940 v.
666 877 728 940 266
753 895 834 954 ecce,
860 877 960 938 ithaci
985 877 1103 938 cocicae
1132 891 1251 955 seraper
1271 870 1499 935 demiranda

339 981 521 1064 (Femineum
544 983 723 1062 incorrupta
745 981 836 1042 decus
858 978 984 1060 monet).
1015 988 1082 1040 tum
1104 976 1258 1039 audacius
1279 977 1376 1038 etiam
1390 971 1501 1035 Ovioius

334 1087 393 1166 Ep.
412 1103 451 1146 ex
468 1086 563 1146 Ponto
579 1103 611 1144 m
630 1085 641 1143 l
665 1085 724 1144 ll3
750 1085 872 1145 locutus
894 1092 952 1160 est,
977 1089 1072 1142 mom
1086 1079 1164 1143 ciltil
1183 1098 1260 1161 opas
1275 1089 1331 1156 oct,
1354 1077 1430 1141 adil
1446 1075 1502 1135 loc·

333 1188 443 1250 riott'dc
466 1187 535 1249 talc.
582 1188 662 1248 nihil
686 1189 718 1247 in
741 1186 794 1247 illo
817 1185 971 1266 Propertii
1002 1183 1159 1247 versiculo
1187 1182 1301 1245 falsum
1330 1191 1378 1244 ost
1398 1187 1504 1260 praeter

335 1298 445 1354 lacot.
487 1289 520 1351 id
541 1291 628 1352 enim
651 1301 684 1351 et
706 1290 850 1370 ineptum
872 1298 921 1350 est
949 1298 981 1350 et
1010 1287 1208 1368 ineptissime
1229 1285 1410 1348 deiensum
1443 1279 1505 1340 satis

334 1392 452 1456 bonum
475 1401 525 1454 est
545 1399 673 1475 porcat,
704 1391 789 1472 qued
811 1391 980 1472 Scioppius
1001 1400 1033 1451 et
1055 1390 1196 1471 Guyetus
1224 1386 1428 1451 scribendum
1448 1398 1505 1442 esst

332 1497 557 1558 coniecerunt:
598 1513 671 1556 nam
694 1494 757 1556 dici
786 1492 818 1556 id
842 1495 981 1574 potuisse
1003 1491 1144 1555 ostendit
1165 1501 1356 1574 conparatus
1374 1507 1393 1549 a
1414 1484 1506 1548 llultc·

333 1599 428 1660 ltenio
444 1589 587 1660 Lucanus
608 1599 695 1676 xta,
720 1605 889 1678 puaotorno
911 1605 1044 1658 turtures
1066 1597 1165 1658 Mente
1185 1596 1265 1678 perit
1283 1591 1441 1674 samios?
1459 1585 1506 1648 scd

334 1703 507 1764 mutatione
537 1719 600 1762 non
627 1701 724 1762 multo
755 1702 871 1762 maiore
901 1699 1040 1761 efficitur
1067 1697 1153 1780 quod
1176 1699 1324 1760 Heinsius
1350 1695 1433 1754 inter
1456 1690 1506 1750 alia

332 1805 468 1866 coniecit
490 1806 612 1883 iterant,
638 1802 736 1884 idque
759 1801 887 1865 videtur
903 1821 973 1864 esse
989 1819 1091 1883 paene
1107 1802 1294 1882 elegantius.
1325 1795 1430 1858 vermi
1445 1793 1506 1852 Pro

333 1907 430 1988 pertii
453 1907 632 1968 hexametro
655 1906 787 1968 mutatio
809 1905 934 1966 admota
965 1913 1013 1966 est
1034 1923 1116 1985 quae
1138 1913 1202 1966 tota
1224 1903 1338 1964 nititur
1359 1895 1504 1959 mendacio

335 2010 520 2071 Burmanni.
546 2008 624 2070 dicit
639 2009 724 2070 enim
741 2009 941 2070 Burmannus
957 2010 990 2068 in
1006 2007 1088 2069 libro
1103 1994 1305 2087 Neapolitano
1320 2021 1384 2064 non
1398 2001 1504 2063 ἀαιιεω

294 2115 490 2193 rescriptum
513 2130 584 2173 esse
607 2130 625 2172 a
648 2129 744 2173 manu
766 2099 891 2192 prima‚¹
915 2110 974 2172 sad
995 2112 1101 2173 ttittos.
1148 2119 1246 2172 testor
1267 2123 1337 2169 mea
1361 2103 1422 2165 lide
1440 2101 1506 2162 scri-

336 2223 426 2296 ptum
450 2231 519 2276 esse
543 2233 560 2275 a
583 2233 679 2276 manu
701 2216 803 2294 prima
827 2223 860 2274 et
882 2215 924 2275 ita
948 2211 1079 2294 quidem
1103 2223 1137 2275 ut
1165 2214 1199 2273 in
1228 2213 1298 2291 ipso
1320 2226 1414 2271 versu
1434 2203 1505 2266 nulla

336 2319 430 2398 plane
453 2318 494 2379 sit
517 2315 597 2378 lacta
620 2318 749 2379 mutatio

542 2422 602 2499 Hpc
623 2421 685 2480 ctio
707 2421 831 2482 causas
854 2428 1037 2502 eoepoynont
1058 2437 1147 2480 arma
1167 2416 1313 2499 prodicus.

334 2522 375 2585 ad
398 2525 525 2585 clausas
548 2533 654 2584 autem
675 2539 772 2602 supra
795 2522 992 2603 adscriptum
1012 2529 1063 2584 est
1086 2521 1200 2584 litteris
1216 2516 1434 2581 minutissimis
1446 2511 1505 2591 qui-

335 2626 419 2704 dem,
446 2625 504 2687 sed
526 2635 631 2687 tamen
655 2625 749 2705 plane
772 2626 960 2706 perspicuis,
990 2625 1131 2704 antiquis
1153 2624 1249 2685 etiam
1272 2639 1379 2702 neque
1401 2615 1504 2694 reliqua

334 2728 409 2790 libri
438 2731 596 2810 scriptura
627 2725 876 2806 recentioribus,
908 2727 1020 2807 cifcos.
1068 2725 1153 2806 quod
1184 2727 1239 2806 qui
1269 2724 1397 2804 scripsit
1415 2721 1504 2780 citans

335 2833 482 2912 cogitavit
511 2831 674 2910 voluitque
705 2832 889 2893 verissimae
923 2831 1009 2891 vocis
1043 2830 1214 2891 mutatione
1248 2845 1362 2889 cavere
1389 2842 1426 2885 na
1445 2819 1503 2900 quit

259 2933 260 2936 ’
334 2935 519 2996 claustrales
536 2953 618 3013 qnae
636 2931 826 2995 dicebantur
842 2934 984 3014 virgines
1006 2941 1059 2994 aut
1083 2931 1287 2992 cavillaretur
1308 2937 1362 2991 aut
1383 2921 1503 2988 cavillari

335 3056 462 3098 carmen
480 3034 558 3098 iilud
574 3045 712 3116 putaret.
743 3036 837 3097 simili
854 3055 916 3116 quo
932 3034 1034 3115 niseus
1050 3053 1159 3096 ermre
1175 3035 1329 3114 scriptum
1346 3039 1393 3092 est
1412 3023 1503 3087 villi

334 3157 430 3217 rauca,
455 3139 511 3200 ubi
528 3140 670 3219 Scaliger
689 3138 770 3219 socc
793 3139 944 3214 restituit,
976 3157 998 3199 rr
1015 3139 1034 3198 6
1051 3139 1090 3198 ii
1112 3135 1177 3216 feri
1197 3155 1268 3197 cum
1292 3133 1422 3196 deberet
1442 3128 1503 3189 tciri.

335 3261 441 3322 neque
464 3240 574 3303 dubito
598 3243 831 3304 Lachmaunum
854 3259 864 3302 t
887 3243 906 3302 8
930 3243 970 3302 22
995 3242 1057 3302 vita
1088 3240 1162 3302 olim
1195 3249 1278 3301 recte
1310 3240 1342 3298 in
1368 3235 1427 3316 fido
1448 3249 1506 3290 mu·

334 3353 435 3406 tasse:
470 3363 542 3406 nam
565 3344 651 3424 quod
678 3344 762 3406 fatue
785 3347 963 3426 oppositum
987 3353 1053 3421 est,
1087 3343 1159 3404 det
1181 3350 1192 3404 t
1213 3343 1338 3404 litteras
1360 3341 1391 3399 in
1412 3334 1506 3412 tulga

334 3447 426 3509 ribus
448 3446 556 3509 verbis
580 3467 642 3508 non
666 3449 839 3528 permutari
862 3465 881 3509 a
903 3445 1061 3524 librariis,
1094 3447 1249 3526 scriptum
1272 3454 1339 3522 est,
1370 3460 1410 3502 ne
1431 3439 1505 3520 plura

334 3551 558 3630 anquiramus‚
596 3551 660 3610 rttt
681 3551 718 3609 ι6
744 3551 776 3610 in
799 3549 880 3610 libro
903 3550 1106 3630 Neapolitano
1129 3567 1146 3609 a
1169 3548 1272 3628 prima
1295 3563 1390 3607 manu
1411 3549 1504 3606 tcrtct·

335 3664 478 3714 ceterum
509 3653 594 3713 illam
620 3652 731 3733 fetu
764 3653 941 3714 litterarum
972 3651 1189 3715 confusionem
1219 3651 1305 3712 inter
1334 3667 1387 3710 eas
1414 3658 1506 3708 causas

335 3755 431 3817 luisse
462 3774 524 3816 non
549 3753 660 3817 dubito
682 3754 723 3816 oh
752 3773 831 3834 quas
854 3756 1072 3816 Lachmannus
1100 3755 1268 3816 verissime
1299 3750 1380 3814 dixit
1406 3748 1505 3810 librum

335 3859 574 3939 Neapolitanum
605 3859 639 3918 in
663 3857 831 3919 Germania
861 3859 1013 3938 scriptum
1040 3875 1122 3919 esse.
1168 3857 1246 3918 satis
1267 3865 1317 3916 est
1340 3873 1376 3916 ea
1397 3867 1507 3914 conme-

336 3979 474 4022 morasse
491 3977 573 4040 quae
595 3961 753 4022 litterator
768 3961 879 4022 harum
896 3979 1004 4022 rerum
1021 3945 1338 4040 intellegentissimns
1352 3957 1392 4019 de
1407 3952 1506 4016 Glossls

337 4062 514 4124 Gasselanis
536 4063 617 4125 dixit
645 4060 895 4146 (Altromocisclte
916 4064 1056 4146 ylossarc
1077 4083 1110 4144 p.
1130 4063 1218 4142 ⁴23).
1265 4061 1373 4140 itaque
1400 4059 1504 4121 clauos

336 4165 422 4226 nullo
445 4164 537 4227 modo
560 4165 809 4228 sollicitabimus.
841 4166 898 4228 sed
920 4165 1069 4246 displicet
1091 4183 1166 4228 sane
1183 4165 1385 4226 coniunctum
1399 4161 1505 4223 οιαυιαε

333 4267 474 4348 pudicas,
501 4287 563 4348 quo
586 4268 668 4332 duae
691 4270 835 4331 notiones
858 4286 993 4349 quarum
1015 4269 1146 4350 utrique
1162 4285 1254 4330 suum
1277 4263 1400 4348 pondus
1420 4261 1504 4324 relitt-

335 4369 498 4450 quendum
522 4381 591 4434 erat
613 4374 646 4432 in
670 4391 764 4434 unam
788 4372 868 4434 male
892 4370 1140 4434 confunduntur.
1188 4371 1295 4450 itaqua
1318 4367 1405 4431 facile
1424 4359 1502 4425 alicui

335 4475 368 4534 in
392 4483 531 4536 mentem
548 4476 654 4536 veniat
677 4474 881 4538 scribendum
902 4495 972 4537 esse
995 4473 1069 4537 hoec
1084 4475 1174 4536 etiam
1188 4473 1315 4536 chusar
1329 4455 1501 4551 apapreat-
