3178 5136
362 365 437 436 500
757 379 800 439 Ει
823 397 918 441 urnas
940 381 1147 442 Brnotursrrsr.

361 566 514 630 videntur
527 587 623 650 quare
638 567 784 650 trapocdi,
809 567 997 628 comicorum
1014 571 1173 630 mentione
1189 572 1315 632 omissa.
1353 589 1390 631 ex
1404 571 1509 632 Palatino

362 669 443 732 libro
459 668 722 732 Schneidewinus
740 689 772 749 p.
792 669 851 730 693
869 669 927 731 hoc
949 669 1080 751 profert,
1099 690 1160 753 qua
1176 672 1333 754 tragoedia
1348 680 1398 734 aul
1410 691 1461 754 quo
1473 693 1510 735 co

360 772 476 834 atomio
494 772 647 854 pr'stolam.
694 771 780 834 unde
796 780 882 852 patet
897 771 1102 837 scribendum
1124 791 1193 836 esse
1213 774 1299 836 video
1314 791 1404 854 maore
1416 783 1510 858 tragos·

359 875 428 937 diae
445 882 499 937 aut
513 894 609 957 qttare
624 873 791 938 eontoediae
805 875 964 955 epistulam
979 876 1139 956 acmpr'am.
1180 887 1213 940 et
1226 875 1393 958 tragoediis
1407 877 1509 958 quiden

359 997 429 1039 oum
458 976 632 1040 ederentur
653 977 804 1059 epistulas
825 994 888 1038 non
911 995 1085 1058 numquam
1106 978 1230 1043 additas
1252 998 1323 1042 esse
1344 978 1429 1042 docet
1446 981 1509 1061 quod

358 1079 571 1152 Quintilianus
586 1098 638 1142 rur
654 1081 672 1141 3
689 1080 724 1140 st
746 1089 863 1142 narrat.
894 1097 967 1140 mam
984 1081 1107 1144 memmi
1119 1083 1225 1164 inquit
1244 1083 1361 1144 mumr's
1375 1082 1507 1145 admisu

357 1183 437 1244 mter
453 1184 646 1264 Pomponium
665 1201 702 1245 ac
718 1183 862 1244 Senecam
877 1184 968 1244 etiam
982 1183 1225 1265 praefationibus
1240 1203 1306 1247 esse
1321 1192 1469 1248 armatum
1481 1206 1509 1247 aa
1569 1181 1570 1184 ’

359 1285 494 1366 ‘pradia
515 1285 666 1347 elimmat'
689 1287 721 1346 iu
744 1284 902 1368 mapoedia
924 1285 987 1348 dici
999 1289 1190 1367 oportuisset.
1236 1305 1316 1367 quas
1330 1286 1510 1368 praefatione
1569 1285 1570 1290 ’

355 1385 435 1467 quid
456 1387 584 1450 tandem
607 1386 694 1450 aliud
714 1387 813 1450 luisse
829 1385 1012 1468 putabimus
1027 1407 1122 1469 quam
1138 1390 1313 1471 epistulas?
1334 1408 1433 1471 neque
1446 1392 1509 1453 enin

356 1489 532 1552 verendum
562 1500 610 1552 ost
639 1509 680 1552 ue
710 1491 782 1570 quis
805 1490 916 1552 Maasio
945 1489 1144 1554 adsentiatur
1164 1492 1304 1554 Sensum
1327 1502 1350 1554 t.
1368 1511 1400 1554 ιιι
1421 1513 1450 1574 p.
1465 1494 1508 1554 lit

354 1589 440 1671 quod
462 1610 479 1653 a
502 1592 694 1665 Quintiliano
725 1601 873 1655 narratur
895 1611 912 1654 a
936 1593 1057 1655 Seneca
1085 1593 1270 1674 philosopho
1301 1603 1333 1656 et
1359 1599 1465 1676 tragion
1481 1595 1510 1656 ad

355 1696 454 1774 patris
483 1694 580 1758 libros
611 1696 782 1758 rhetoricos
812 1695 1026 1758 transferenti.
1073 1695 1158 1776 quod
1187 1705 1294 1759 autem
1321 1699 1427 1778 tragici
1448 1699 1511 1760 loce·

307 1839 308 1842 ,
354 1807 429 1859 runt
451 1798 544 1860 etiam
567 1817 584 1860 a
607 1799 734 1860 comicis
758 1797 874 1861 lactum
897 1817 966 1862 esse
989 1797 1079 1860 facile
1103 1798 1289 1878 credemus,
1315 1801 1383 1862 istis
1404 1799 1509 1880 quiden

354 1900 560 1980 temporibus.

439 2022 586 2082 Martialis
601 2039 619 2082 r
636 2021 673 2080 ta
691 2021 710 2080 5

526 2177 601 2220 uam
623 2161 652 2221 si
668 2157 809 2240 falciferi
828 2155 989 2237 defendere
1011 2157 1122 2239 templa
1146 2157 1277 2219 mmutis

569 2261 763 2342 sollicitisque
785 2261 874 2322 velim
896 2259 1027 2322 uendere
1049 2261 1122 2321 mro
1143 2261 1216 2334 reis,

524 2363 678 2444 plurimus
700 2365 857 2443 Hispanas
879 2364 973 2425 mittet
993 2362 1068 2424 mili
1087 2371 1186 2425 ucula
1207 2370 1349 2425 metretas

569 2474 597 2529 et
616 2468 667 2546 fiet
687 2467 777 2527 vario
799 2466 949 2554 sordidus
966 2484 1039 2528 aere
1061 2467 1159 2528 smus.

350 2622 422 2664 cum
447 2602 585 2684 falciferi
611 2604 722 2684 templa
752 2603 839 2664 nulla
862 2604 983 2683 possint
1006 2621 1074 2665 esse
1097 2603 1159 2663 nisi
1181 2601 1276 2664 aedes
1299 2603 1439 2680 Saturni,
1465 2601 1508 2663 ad·

351 2715 440 2785 paret
468 2707 701 2787 ineptissimum
730 2723 800 2767 esse
828 2707 971 2768 toaaulis.
1016 2723 1054 2767 ac
1081 2704 1141 2766 luit
1168 2706 1223 2784 qui
1254 2704 1312 2767 hoc
1336 2706 1508 2786 intellegeret

350 2818 582 2889 proptereaque
599 2806 805 2872 scribendum
819 2808 977 2870 coniceret
989 2808 1142 2889 parastis.
1175 2808 1350 2888 permirum
1366 2818 1412 2871 est
1424 2817 1507 2870 auten

350 2910 436 2990 quod
465 2909 588 2973 addidit
616 2931 651 2973 se
681 2911 839 2991 explicare
869 2929 931 2971 non
953 2928 1045 2990 posse
1069 2929 1126 2971 our
1148 2911 1275 2972 Saturni
1298 2913 1444 2992 templum
1463 2908 1508 2969 de

349 3012 481 3075 lendere
514 3012 660 3076 dicantur
692 3011 853 3076 causidici.
905 3015 992 3093 atqui
1022 3013 1205 3093 pervulgata
1233 3030 1286 3074 res
1315 3023 1362 3076 est
1390 3015 1420 3074 in
1444 3009 1507 3073 aede

349 3116 477 3177 Saturni
501 3114 597 3178 luisse
620 3118 789 3178 aerarium.
836 3117 912 3177 dicit
935 3117 1033 3196 igitur
1051 3115 1207 3192 Martialis,
1234 3117 1260 3176 si
1284 3118 1397 3178 aerarii
1417 3131 1508 3176 ceusu

348 3235 442 3296 agere
472 3220 566 3297 velit,
600 3238 662 3281 non
692 3218 855 3282 defuturos
885 3237 953 3280 esse
984 3221 1039 3298 qui
1062 3237 1097 3280 se
1120 3218 1211 3280 donis
1233 3235 1432 3298 corrumpere
1452 3226 1507 3276 stu-

348 3319 454 3380 deant.
501 3324 632 3384 touautis
654 3331 760 3384 autern
783 3319 862 3382 illud
884 3322 910 3382 si
935 3321 967 3380 in
986 3322 1128 3400 parentis
1144 3329 1295 3398 mutatur,
1320 3340 1376 3401 pro
1390 3316 1507 3384 absurdo

347 3424 498 3486 vocabulo
521 3423 725 3486 substituitur
747 3423 869 3485 inutile.
916 3424 1069 3503 argutius,
1094 3424 1217 3502 opinor,
1242 3424 1390 3486 Martialis
1404 3425 1508 3484 locutus

347 3534 405 3587 est.
452 3528 602 3589 nimirum
626 3527 735 3588 stellae
758 3526 885 3588 Saturni
908 3537 1033 3588 veteres
1055 3525 1201 3606 astrologi
1224 3525 1428 3606 adsignarunt
1446 3541 1506 3585 ara-

349 3630 464 3691 ritiam.
500 3630 644 3692 Manilius
660 3648 682 3690 u
698 3630 759 3690 937
784 3647 877 3709 asper
899 3637 928 3690 et
949 3635 1090 3706 attentus,
1117 3629 1236 3690 titulum
1251 3630 1301 3690 eui
1317 3625 1507 3706 Graecmfecit

345 3734 563 3794 Daemonium:
587 3752 661 3794 narn
683 3733 894 3813 pulcherrime
910 3733 988 3793 haec
1002 3732 1045 3792 ita
1060 3730 1240 3794 emendavit
1255 3732 1403 3813 Scaliger,
1427 3745 1505 3810 quem

345 3835 506 3897 Bentleius
528 3836 632 3910 tacite,
656 3845 692 3896 nt
714 3836 746 3895 in
769 3845 948 3915 aporiare,
973 3843 1100 3896 secutus
1123 3843 1190 3896 est:
1218 3836 1324 3915 inepta
1337 3835 1505 3914 placuerunt

345 3937 465 4001 Iacobo.
512 3939 586 4000 hino
608 3945 704 4000 tenum
725 3936 841 3999 dicitur
855 3939 1010 4000 Saturnus
1033 3955 1050 3998 a
1073 3937 1204 3998 Firmino
1219 3938 1312 4000 Math.
1330 3955 1351 3998 ιι
1368 3937 1405 3996 ll)
1426 3944 1505 4012 atque

344 4041 378 4101 in
393 4037 493 4102 Aetna
515 4042 567 4102 hie
589 4049 637 4102 est
660 4040 836 4102 versiculus
856 4039 953 4122 (iil),
980 4040 1113 4101 Saturni
1125 4057 1203 4121 quae
1218 4039 1307 4102 steila
1321 4047 1425 4114 meaa,
1442 4051 1506 4117 piot

345 4143 461 4204 Martia
480 4161 623 4225 pupulam.
670 4143 830 4205 transtulit
854 4141 903 4220 id,
929 4142 990 4204 nisi
1014 4140 1121 4218 fallor,
1147 4143 1295 4202 Martialis
1316 4159 1333 4203 a
1353 4135 1505 4203 sideraad

345 4244 449 4324 ipsum
471 4245 566 4307 deum
590 4247 779 4326 scripsitque

547 4401 618 4444 uam
641 4383 670 4449 si
687 4381 826 4462 falciferi
846 4381 1005 4462 defendere
1027 4379 1138 4461 templa
1160 4383 1278 4442 tenacis

590 4485 781 4566 sollicitisque
803 4487 891 4548 velim
913 4485 1042 4547 vendere
1065 4485 1136 4546 iura
1158 4485 1232 4546 reis.
