3252 5130
347 395 423 468 634
473 449 474 454 1
744 411 787 472 Ex
809 429 905 473 unm
929 413 1139 496 annonarum

345 599 406 660 diis
429 607 457 660 et
478 597 651 680 quaestibus
672 599 818 682 gaudent,
843 617 890 660 me
911 600 1014 660 votiva
1036 598 1162 662 deiectat
1189 601 1347 680 maenaa
1393 608 1427 661 ut
1454 602 1527 661 iusta

290 757 293 764 .
346 710 496 764 nascatur
518 703 617 763 oratio
639 702 711 764 aliis
733 713 806 766 ante
830 703 888 764 alii
909 701 1116 764 inserendum
1139 712 1198 764 est.

434 803 590 865 CLXXXl.
637 807 793 868 Minucius
807 804 895 868 Felix
916 824 985 885 cap.
1006 805 1044 865 to
1067 812 1102 868 at
1123 805 1177 886 qui
1196 813 1310 866 rectam
1332 805 1416 866 viam
1430 806 1526 878 morit,

346 905 409 984 abi,
434 914 469 968 at
480 909 522 988 fit,
550 909 583 970 in
594 909 703 990 plures
717 927 782 970 aaa
796 907 980 990 diffinditar,
1005 909 1078 990 quia
1092 909 1175 970 cmm
1189 907 1286 970 nescit
1298 905 1404 968 liceret
1418 910 1528 968 anaim

345 1028 400 1071 nec
421 1011 562 1094 singalas
584 1011 674 1073 audet
696 1012 805 1094 eligere
826 1029 881 1074 nec
901 1012 1066 1074 universas
1085 1009 1236 1092 probare,
1266 1011 1311 1072 sic
1340 1011 1392 1071 cui
1411 1029 1470 1072 non
1490 1019 1529 1072 en

346 1114 415 1184 veri
434 1111 541 1176 stabile
557 1113 720 1188 indiciam*
735 1121 828 1194 prout
850 1113 946 1194 infida
959 1114 1093 1195 aspicia
1107 1114 1277 1196 spargitur,
1302 1114 1348 1174 ita
1362 1113 1429 1174 aas
1443 1111 1527 1173 darbia

345 1216 446 1296 epm
467 1216 649 1297 anstpoar.
695 1235 771 1282 sana
801 1235 863 1278 non
890 1215 1020 1279 videtur
1040 1217 1196 1280 Minucius
1223 1214 1366 1278 scribare
1396 1217 1528 1296 potuisse

345 1318 419 1398 quia
448 1320 531 1380 viam
559 1319 672 1381 nescit:
702 1319 779 1381 nihil
810 1329 917 1382 teman
946 1338 1052 1400 neque
1076 1337 1183 1382 reseco
1205 1337 1328 1399 noque,
1361 1327 1399 1380 ut
1421 1317 1529 1380 iactum

346 1431 405 1500 cst,
432 1422 549 1483 maiore
572 1431 685 1484 conatu
707 1431 838 1504 tempto,
864 1421 923 1484 sod
945 1421 1049 1484 scribo
1071 1423 1145 1503 quta
1165 1440 1275 1484 veram
1296 1422 1404 1484 nescit.
1450 1419 1481 1482 id
1498 1431 1529 1481 ut

345 1522 520 1586 adderetur
542 1543 604 1587 non
628 1535 809 1606 ermanus,
834 1523 978 1594 additum
1001 1543 1064 1591 non
1087 1523 1374 1605 reprehendamus.

433 1626 602 1688 CLXXXII.
635 1627 788 1690 Firminus
809 1627 850 1690 de
873 1619 982 1690 erro're
998 1627 1201 1710 profanarum
1223 1627 1413 1708 religionum
1429 1629 1527 1707 cap.³

346 1748 378 1809 p.
405 1729 445 1789 79
469 1730 580 1793 Halmii
603 1738 726 1793 martem
750 1731 848 1810 ipsias
863 1730 968 1793 dicunt
989 1731 1068 1814 qaod
1082 1732 1199 1794 semina
1212 1730 1336 1794 collecta
1350 1729 1526 1804 condantur,

346 1833 440 1893 vitam
462 1851 575 1896 tarsus
598 1833 676 1915 quoa
698 1834 779 1895 iacta
801 1835 919 1896 semina
934 1835 1048 1896 annuis
1063 1832 1180 1896 aanor
1195 1831 1416 1896 recondantur.
1440 1831 1529 1894 aher-

346 1935 464 1996 raverit
480 1934 630 1998 librarius
645 1935 685 1998 ad
701 1935 874 1998 conduntur
889 1935 974 2016 quod
990 1935 1082 1998 modo
1097 1938 1281 2018 scripserat:
1301 1938 1352 1998 vel
1368 1938 1414 1997 sic
1429 1945 1527 1998 tamen

347 2037 433 2117 quod
463 2037 696 2101 restituendum
725 2057 793 2102 esse
830 2057 944 2101 censeo
974 2038 1183 2120 refunduntur
1215 2040 1285 2102 veri
1319 2049 1367 2101 est
1399 2039 1529 2100 similius

347 2157 442 2219 qnam
465 2159 547 2221 quae
571 2141 624 2204 alii
648 2142 878 2223 excogitarunt.

432 2243 615 2305 CLXXXIII.
654 2245 689 2307 ln
713 2245 859 2307 Carmine
890 2244 930 2307 de
954 2245 1065 2326 liguris
1087 2264 1116 2307 v.
1144 2245 1203 2306 192
1233 2243 1441 2307 scribendum
1462 2263 1527 2306 esse

285 2357 335 2403 aso
347 2345 424 2406 mihi
447 2335 581 2408 videturl

478 2454 595 2510 ‘aerum
617 2450 824 2513 Academicus
847 2450 914 2513 est'
958 2458 1037 2512 esto:
1061 2459 1161 2512 tamen
1183 2453 1284 2512 omnia
1306 2452 1388 2514 nulli

476 2554 508 2614 in
531 2552 655 2614 aaaron
677 2562 832 2630 revocant,
858 2562 890 2615 ot
912 2553 1072 2635 quaedam,
1097 2561 1126 2616 et
1142 2553 1300 2636 pleraque,
1326 2557 1355 2616 si
1377 2555 1435 2616 cis.

347 2657 500 2737 scriptum
524 2665 572 2716 est
594 2655 762 2718 academia.

433 2757 605 2820 Exordium
628 2759 778 2821 carminis
794 2760 940 2821 Messium
963 2757 1156 2839 adloquitur.
1203 2769 1335 2840 propter
1356 2757 1525 2821 studiorum

346 2860 505 2942 quandam
537 2860 778 2923 similitudinem
811 2880 873 2924 non
905 2863 1014 2943 inepte
1047 2859 1250 2941 opinabimur
1283 2859 1525 2944 inteMegandum

346 2983 415 3026 esse
437 2963 639 3026 drusianam.
666 2965 721 3045 qui
744 2982 806 3045 quo
828 2975 969 3044 tempore
993 2964 1146 3044 Exempla
1175 2965 1385 3028 elocutionum
1415 2983 1524 3044 conpo-
1610 2989 1611 3016 ι

345 3068 446 3129 suerit
470 3068 603 3128 Hermae
626 3078 649 3128 t.
668 3085 701 3127 ιιι
724 3088 755 3149 p.
774 3068 835 3129 223
860 3065 980 3150 [supra
992 3087 1026 3148 p.
1044 3063 1130 3150 427]
1154 3066 1302 3130 indicavi.

433 3170 613 3230 CLXXXIV.
660 3170 804 3232 Valerius
832 3170 981 3232 Maximus
1009 3171 1103 3230 v1119
1133 3172 1152 3232 2
1180 3169 1290 3252 quibas
1319 3171 1462 3254 digressis
1492 3173 1519 3230 P.

345 3270 465 3334 Annius
498 3274 534 3350 (is
565 3274 644 3334 enim
672 3273 755 3334 solas
789 3275 820 3334 in
849 3271 964 3334 andita
994 3289 1107 3354 carpens
1129 3269 1320 3335 Antonianae
1349 3274 1522 3355 eloquentiae

341 3377 482 3455 steterat)
506 3375 628 3437 antdele
650 3375 810 3455 imperium
832 3377 1000 3438 truculento
1023 3376 1190 3438 ministerio
1214 3378 1341 3459 peregit.
1389 3378 1520 3456 ineptum
1608 3385 1609 3388 ’

344 3497 415 3541 esse
439 3481 470 3540 in
492 3477 606 3540 ambitu
629 3477 803 3558 Madvigius
825 3476 906 3539 nav.
932 3487 956 3540 t.
976 3497 997 3539 ιι
1020 3497 1052 3558 p.
1072 3479 1134 3538 332
1158 3478 1325 3556 intellexit,
1355 3477 1520 3541 emendatio

345 3583 374 3644 ei
397 3601 460 3643 non
483 3583 644 3644 successit.
692 3579 895 3643 scribendum
919 3591 968 3643 est
990 3583 1022 3643 in
1044 3581 1142 3644 aditu.
1183 3581 1368 3644 Plutarchus
1391 3583 1423 3644 in
1438 3583 1519 3642 Mario

343 3703 413 3766 cap.
434 3686 472 3745 ll
497 3679 538 3754 ὡς
561 3674 613 3746 οὖν
635 3675 709 3767 ἧκον
732 3679 780 3746 ἐπὶ
801 3678 854 3766 τὴν
877 3681 986 3757 οἰκίαν,
1011 3678 1027 3746 ὁ
1045 3681 1098 3766 μὲν
1114 3675 1227 3754 Ἄννιος
1249 3676 1360 3768 ὑπέστη
1383 3678 1518 3770 capiar

344 3781 439 3872 θύρας
463 3797 523 3848 eto.

432 3890 600 3952 CLXXXV.
633 3891 803 3952 Suetonius
825 3888 995 3951 llhetorum
1020 3890 1123 3970 capite
1147 3895 1158 3951 t
1188 3909 1260 3951 nani
1282 3899 1311 3952 et
1332 3892 1413 3953 decta
1434 3910 1518 3972 prae-

343 3995 428 4056 clare
448 4013 506 4074 per
528 4011 630 4055 omnes
649 3995 769 4076 figuras
796 4011 854 4073 per
881 4009 972 4054 casas
1001 4001 1030 4054 ct
1050 3993 1190 4074 apologos
1219 3993 1309 4055 alita·
1330 4001 1419 4076 atqua
1440 3995 1518 4056 alita

344 4114 498 4177 empuriaco
523 4104 552 4157 ct
580 4097 776 4157 narrationes
803 4113 871 4157 cnm
898 4094 1030 4156 breviter
1059 4113 1096 4157 ac
1127 4113 1253 4176 presse,
1292 4104 1356 4158 tam
1384 4097 1472 4158 latras
1496 4103 1517 4156 et

344 4197 468 4261 uberius
500 4200 657 4278 adplicant
684 4206 878 4260 consuerant.
924 4197 1005 4259 vidit
1027 4196 1202 4278 Madvigius
1223 4197 1306 4260 Adv.
1331 4209 1355 4260 t.
1376 4217 1397 4260 u
1418 4220 1448 4280 p.
1465 4199 1516 4258 589

341 4315 510 4378 percusos
533 4303 677 4382 ineptum
702 4319 783 4379 esse,
809 4301 908 4363 latero
930 4310 1036 4362 antem
1060 4300 1251 4363 infinitivum
1274 4301 1380 4364 verbi.
1411 4301 1463 4364 sed
1483 4321 1514 4362 ne

341 4419 527 4482 percurrere
549 4403 679 4483 quidem
695 4403 781 4484 quod
803 4403 906 4466 adiert
928 4405 1126 4484 aptissimum
1149 4414 1208 4465 est.
1255 4403 1455 4468 scribendum
1469 4423 1515 4486 pa

345 4504 408 4564 tius
432 4514 479 4566 est
501 4523 639 4568 versare.
687 4507 933 4578 Quintilianusv
951 4508 989 4568 tt
1006 4509 1047 4568 32
1070 4525 1131 4568 non
1154 4507 1235 4570 atille
1255 4508 1367 4590 figuras
1382 4509 1514 4572 vantem
1587 4505 1590 4512 ’
