3252 5130
582 425 799 490 Communes.
1214 411 1289 484 635

97 619 220 680 verset?
245 617 308 677 ιιι3
328 615 388 676 476
413 617 495 676 intra
518 633 550 676 se
572 617 698 697 quisque
720 617 768 677 nel
791 615 845 678 boe
867 617 915 678 vel
937 617 1025 680 aliud
1047 617 1126 699 quad
1141 616 1219 677 volet
1231 633 1289 696 per

97 739 199 782 omnes
221 717 359 798 adfectus
382 725 491 780 verset.

185 839 368 900 CLXXXVI.
413 836 777 918 eliminassent.
810 840 901 901 tertia
930 847 1015 902 aetas
1040 839 1104 920 suit
1125 837 1290 902 Menandri

97 941 215 1023 Diphili
235 950 262 1004 ct
278 940 469 1014 Philemonis,
494 941 548 1021 qui
567 958 683 1002 omnem
705 940 899 1004 acerbitatem
920 942 1088 1004 comaediae
1109 943 1290 1023 neitiporunt

96 1053 187 1126 alque
208 1051 391 1128 arpamenta
413 1043 593 1124 multiplicia
617 1044 743 1106 Graecis
766 1043 924 1107 erroribus
946 1045 1042 1108 secuti
1060 1053 1142 1106 sunt.
1183 1061 1287 1124 neque

99 1149 226 1210 Graecis
249 1146 407 1208 erroribus
437 1146 500 1208 ullo
530 1144 621 1207 modo
652 1145 792 1228 intellegi
823 1156 925 1228 potest
953 1165 1058 1228 neque
1088 1165 1165 1208 sane
1188 1147 1288 1226 megIs

96 1250 268 1331 adprobari
284 1248 369 1329 quod
385 1247 664 1311 ReifferscheIdius
687 1251 719 1310 Iu
745 1250 887 1311 Suetonii
903 1249 1107 1331 ReliquIIs'p.
1126 1251 1145 1310 9
1161 1250 1289 1330 scripsit

95 1344 204 1437 ἤθεσιν
227 1361 256 1415 et
269 1351 438 1427 erroribus,
465 1351 497 1413 id
520 1351 605 1432 quod
620 1371 654 1434 p.
673 1350 735 1414 377
751 1350 929 1414 defendere
943 1351 1108 1414 laboravit.
1140 1351 1287 1414 scriben-

99 1457 176 1519 dam
201 1465 248 1518 est
270 1457 369 1536 pratr's
392 1453 555 1536 leporibus.

186 1575 381 1637 CLXXXVII.
429 1575 596 1654 Pompeius
619 1593 649 1655 p.
671 1573 731 1634 tas
748 1573 785 1634 Ii.
824 1575 919 1634 Varro
942 1573 1024 1636 docet
1050 1575 1082 1636 in
1105 1575 1176 1636 aliis
1199 1573 1287 1636 libris

95 1697 174 1762 qnos
196 1677 237 1739 ad
260 1675 374 1738 Attium
396 1677 521 1757 scripsit
541 1677 659 1738 litteras
680 1695 737 1738 ιιι
754 1675 870 1756 faisse,
899 1684 1006 1756 postea
1033 1685 1133 1738 tomen
1155 1678 1288 1740 crevisse

95 1791 125 1844 et
144 1781 247 1862 foetas
270 1797 335 1842 esse
356 1799 444 1855 narn,
470 1787 569 1840 tamen
588 1781 710 1859 primae
732 1795 809 1860 quoe
831 1779 971 1840 inuentae
992 1787 1066 1840 sunt
1090 1777 1282 1858 sumuntur,

89 1893 198 1966 postea
220 1901 297 1964 qaae
319 1883 459 1945 incertae
481 1889 554 1942 sant
572 1879 702 1962 suerunt
716 1891 786 1956 arr,
808 1887 915 1961 pastea
936 1889 1035 1944 autern
1059 1903 1146 1944 mm.
1188 1881 1286 1944 verba

93 1989 147 2048 ilIa
170 2005 250 2068 quae
271 1987 410 2047 inventae
433 1991 505 2046 sunt
532 1982 588 2046 ubi
618 1983 735 2045 iterum
758 1984 909 2063 leguntur
938 2003 1000 2046 non
1024 1984 1174 2047 mutanda
1197 1995 1282 2064 sunt,

94 2089 219 2152 nedum
243 2091 361 2169 inepte,
387 2086 444 2150 sed
467 2084 614 2149 delenda.
709 2141 712 2148 .

184 2208 393 2271 CLXXXVIII.
426 2207 593 2288 EmporIus
608 2228 640 2286 p.
661 2206 723 2265 568
740 2205 852 2266 Halmii
876 2205 916 2268 de
932 2207 1009 2267 Iulio
1026 2207 1158 2268 Caesare
1174 2205 1287 2268 lauda-

92 2313 178 2375 bitur·
202 2311 279 2374 idem
302 2309 340 2372 ab
363 2311 564 2384 institutione,
589 2327 680 2390 quam
699 2307 867 2390 plurimam
891 2310 920 2370 in
949 2308 1098 2391 saaladin
1121 2317 1148 2370 et
1169 2309 1289 2370 dicendi

90 2415 195 2478 studio
214 2415 313 2496 fuisse
338 2412 443 2494 probet
471 2420 499 2474 et
524 2415 629 2494 prima
651 2409 829 2492 pubertatis
855 2411 956 2493 plaria
985 2421 1013 2474 et
1037 2412 1171 2493 sorensis
1191 2431 1286 2492 prae-

91 2520 209 2584 stantia
232 2524 402 2580 consecuta.
450 2514 492 2576 ita
515 2514 649 2577 emendo
673 2513 758 2595 quod
781 2511 932 2576 traditum
961 2523 1010 2576 est
1032 2522 1060 2576 et
1078 2516 1183 2594 prima
1202 2533 1285 2594 pau-

88 2629 199 2704 pertas
232 2607 273 2682 et'
307 2619 419 2702 pluria.
466 2615 642 2698 pubertaIIs
671 2615 859 2678 vocabulum
887 2617 984 2679 latere
1018 2615 1099 2678 vidit
1131 2617 1281 2691 Halmius,
1296 2629 1340 2677 sss

93 2728 195 2807 ipsam
224 2721 364 2802 Emporii
395 2721 566 2781 orationem
597 2738 659 2780 non
688 2717 858 2781 adsecutus
886 2729 951 2798 est,
986 2728 1019 2781 ut
1048 2719 1125 2779 mihi
1156 2718 1286 2800 quidese

94 2828 239 2890 videtur.

183 2945 269 3008 idem
294 2943 461 3025 Emporias
483 2961 516 3022 p.
540 2941 601 3002 570
633 2943 732 3024 itaque
762 2943 841 3003 sicut
869 2943 900 3003 in
922 2942 1069 3016 Hercule,
1107 2943 1139 3002 in
1164 2941 1283 3018 Catone,

91 3058 194 3136 potest
219 3050 356 3130 puerilia
386 3045 527 3123 laudari,
562 3047 593 3106 in
623 3064 684 3127 qua
713 3045 862 3106 uirtutum
890 3061 1019 3106 suarum
1042 3043 1208 3106 decimenta
1230 3063 1288 3105 ua-

93 3158 232 3218 luernnt.
280 3147 487 3213 scribendum
519 3158 566 3208 est
595 3154 769 3209 statuerunt
797 3166 902 3228 neque
932 3147 1101 3229 quicquam
1128 3156 1286 3228 temptan-

97 3257 178 3322 dum
201 3253 348 3334 amplius.

185 3373 368 3435 CLXXXIX.
417 3371 563 3432 Scholion
594 3370 626 3431 in
657 3369 814 3432 luvenalis
842 3371 959 3432 salicae
983 3371 1074 3462 liv.
1103 3370 1161 3430 lsi
1193 3371 1288 3433 saleru

92 3481 178 3542 enim
209 3493 302 3537 aures
331 3483 359 3536 et
386 3474 489 3535 asellus
517 3472 573 3534 sub
601 3492 659 3534 ora
687 3472 730 3534 eis
758 3472 880 3534 rubere.
927 3474 1007 3535 nihil
1034 3473 1120 3536 aliud
1144 3472 1286 3536 recondit

96 3580 157 3646 sub
179 3599 236 3640 ora
258 3580 301 3640 eis
325 3596 419 3657 quam
442 3577 603 3656 stupeatis.

186 3698 272 3762 CXC.
321 3697 355 3757 ln
378 3695 447 3757 Iulii
470 3693 685 3776 obsequentis
707 3695 809 3776 eapite
826 3693 866 3754 57
883 3715 915 3775 p.
936 3695 995 3756 lae
1020 3695 1118 3756 Iahnii
1142 3695 1289 3759 seriben-

92 3805 175 3868 dum
199 3819 267 3864 esse
291 3799 410 3862 conicio
434 3800 469 3860 L.
494 3799 633 3878 Scipione
657 3797 689 3856 0.
716 3796 857 3858 Norbano
880 3815 956 3859 coss.
985 3817 1044 3878 per
1067 3799 1195 3878 Syllana
1212 3807 1287 3861 tern-

89 3923 176 3990 pora
205 3906 284 3965 inter
316 3903 452 3982 Capuam
481 3909 509 3962 et
536 3900 715 3962 Vulturnum
744 3901 849 3981 inpens
877 3902 1033 3983 sipreorum
1062 3919 1156 3964 sonus
1183 3921 1287 3964 armo-

92 4003 226 4090 rumque
254 4025 322 4066 cum
350 4003 501 4066 horrenda
531 4003 662 4064 clamore
691 4001 832 4080 auditus,
867 4003 910 4064 ito
940 4011 974 4064 ut
1001 4003 1178 4065 viderentur
1209 4005 1287 4066 duae

94 4113 180 4176 acles
203 4125 385 4172 conmarcre
405 4106 589 4188 perplures
612 4105 685 4168 dies.
734 4123 839 4166 aream
869 4105 1011 4168 miraculi
1040 4107 1122 4168 irrlns
1150 4108 1287 4170 conside-

92 4212 238 4278 rantibus
261 4211 388 4296 vestipia
410 4226 555 4291 equorum
576 4206 784 4288 bominumque
806 4216 834 4269 et
854 4215 991 4270 recenter
1003 4211 1153 4289 protritae
1174 4209 1286 4272 barbae

93 4327 123 4381 et
158 4316 294 4398 uirpnlta
327 4315 415 4375 visa:
450 4312 556 4372 molem
591 4311 719 4393 inpentis
752 4310 823 4372 belli
854 4311 1044 4391 portendere.
1093 4312 1209 4392 legitur
1241 4315 1288 4374 rei

94 4418 259 4484 miracula.

186 4517 481 4601 baptismatae
506 4514 710 4580 scribendum
735 4534 803 4578 esse
826 4535 941 4578 censeo
963 4518 1054 4600 sr'pna
1068 4503 1286 4601 lepionis'qnoe
