<?xml version="1.0" encoding="UTF-8"?>
<!DOCTYPE html PUBLIC "-//W3C//DTD XHTML 1.0 Transitional//EN"
    "http://www.w3.org/TR/xhtml1/DTD/xhtml1-transitional.dtd">
<html xmlns="http://www.w3.org/1999/xhtml" xml:lang="en" lang="en">
 <head>
  <title>
</title>
<meta http-equiv="Content-Type" content="text/html;charset=utf-8" />
  <meta name='ocr-system' content='tesseract 3.04.00' />
  <meta name='ocr-capabilities' content='ocr_page ocr_carea ocr_par ocr_line ocrx_word'/>
</head>
<body>
  <div class='ocr_page' id='page_1' title='image "./mavriciihavptii01haupgoog/mavriciihavptii01haupgoog_0535.png"; bbox 0 0 3178 5136; ppageno 0'>
   <div class='ocr_carea' id='block_1_1' title="bbox 338 415 1126 491">
    <p class='ocr_par' dir='ltr' id='par_1_1' title="bbox 338 415 1126 491">
     <span class='ocr_line' id='line_1_1' title="bbox 338 415 1126 491; baseline 0 -3"><span class='ocrx_word' id='word_1_1' title='bbox 338 415 411 488; x_wconf 77' lang='grc'>522</span> <span class='ocrx_word' id='word_1_2' title='bbox 731 431 775 491; x_wconf 85' lang='lat' dir='ltr'>Ex</span> <span class='ocrx_word' id='word_1_3' title='bbox 799 449 894 491; x_wconf 72' lang='lat' dir='ltr'>aaran</span> <span class='ocrx_word' id='word_1_4' title='bbox 918 431 1126 490; x_wconf 82' lang='lat' dir='ltr'>Benomnsnst.</span> 
     </span>
    </p>
   </div>
   <div class='ocr_carea' id='block_1_2' title="bbox 286 617 1580 4612">
    <p class='ocr_par' dir='ltr' id='par_1_2' title="bbox 338 617 1501 699">
     <span class='ocr_line' id='line_1_2' title="bbox 338 617 1501 699; baseline -0.006 -18"><span class='ocrx_word' id='word_1_5' title='bbox 338 623 494 682; x_wconf 89' lang='lat' dir='ltr'>interesse</span> <span class='ocrx_word' id='word_1_6' title='bbox 517 618 705 682; x_wconf 80' lang='lat' dir='ltr'>ferebantur</span> <span class='ocrx_word' id='word_1_7' title='bbox 727 620 824 680; x_wconf 88' lang='lat' dir='ltr'>altum</span> <span class='ocrx_word' id='word_1_8' title='bbox 848 629 894 679; x_wconf 87' lang='lat' dir='ltr'>est</span> <span class='ocrx_word' id='word_1_9' title='bbox 919 619 1129 699; x_wconf 81' lang='lat' dir='ltr'>interpretum</span> <span class='ocrx_word' id='word_1_10' title='bbox 1153 617 1333 694; x_wconf 77' lang='lat' dir='ltr'>silentium,</span> <span class='ocrx_word' id='word_1_11' title='bbox 1358 617 1440 696; x_wconf 88' lang='lat' dir='ltr'>quasi</span> <span class='ocrx_word' id='word_1_12' title='bbox 1460 634 1501 675; x_wconf 87' lang='lat' dir='ltr'>res</span> 
     </span>
    </p>

    <p class='ocr_par' dir='ltr' id='par_1_3' title="bbox 338 703 1580 1527">
     <span class='ocr_line' id='line_1_3' title="bbox 338 703 1500 802; baseline -0.008 -17"><span class='ocrx_word' id='word_1_13' title='bbox 338 725 378 785; x_wconf 91' lang='lat' dir='ltr'>sit</span> <span class='ocrx_word' id='word_1_14' title='bbox 401 724 574 784; x_wconf 90' lang='lat' dir='ltr'>notissima.</span> <span class='ocrx_word' id='word_1_15' title='bbox 622 722 772 802; x_wconf 83' lang='lat' dir='ltr'>equidem</span> <span class='ocrx_word' id='word_1_16' title='bbox 796 720 934 783; x_wconf 88' lang='lat' dir='ltr'>lahulam</span> <span class='ocrx_word' id='word_1_17' title='bbox 957 731 1010 782; x_wconf 88' lang='lat' dir='ltr'>aut</span> <span class='ocrx_word' id='word_1_18' title='bbox 1033 739 1160 782; x_wconf 89' lang='lat' dir='ltr'>carmen</span> <span class='ocrx_word' id='word_1_19' title='bbox 1177 719 1295 782; x_wconf 88' lang='lat' dir='ltr'>lrustra</span> <span class='ocrx_word' id='word_1_20' title='bbox 1311 703 1443 798; x_wconf 78' lang='lat' dir='ltr'>quaesivi</span> <span class='ocrx_word' id='word_1_21' title='bbox 1457 716 1500 778; x_wconf 80' lang='lat' dir='ltr'>ulti</span> 
     </span>
     <span class='ocr_line' id='line_1_4' title="bbox 338 821 1501 907; baseline -0.007 -19"><span class='ocrx_word' id='word_1_22' title='bbox 338 836 428 907; x_wconf 88' lang='lat' dir='ltr'>poeta</span> <span class='ocrx_word' id='word_1_23' title='bbox 457 826 572 906; x_wconf 90' lang='lat' dir='ltr'>aliquis</span> <span class='ocrx_word' id='word_1_24' title='bbox 601 836 685 887; x_wconf 92' lang='lat' dir='ltr'>esset</span> <span class='ocrx_word' id='word_1_25' title='bbox 715 825 845 885; x_wconf 80' lang='lat' dir='ltr'>conviva</span> <span class='ocrx_word' id='word_1_26' title='bbox 876 822 1020 885; x_wconf 88' lang='lat' dir='ltr'>deorum.</span> <span class='ocrx_word' id='word_1_27' title='bbox 1067 825 1160 904; x_wconf 92' lang='lat' dir='ltr'>cupio</span> <span class='ocrx_word' id='word_1_28' title='bbox 1191 824 1289 904; x_wconf 79' lang='lat' dir='ltr'>igitur</span> <span class='ocrx_word' id='word_1_29' title='bbox 1317 821 1418 882; x_wconf 88' lang='lat' dir='ltr'>doceri</span> <span class='ocrx_word' id='word_1_30' title='bbox 1438 821 1501 900; x_wconf 87' lang='lat' dir='ltr'>quid</span> 
     </span>
     <span class='ocr_line' id='line_1_5' title="bbox 338 926 1503 1008; baseline -0.006 -18"><span class='ocrx_word' id='word_1_31' title='bbox 338 931 462 992; x_wconf 77' lang='lat' dir='ltr'>Tacitus</span> <span class='ocrx_word' id='word_1_32' title='bbox 492 929 694 1008; x_wconf 77' lang='lat' dir='ltr'>spectaverit.</span> <span class='ocrx_word' id='word_1_33' title='bbox 747 947 841 1008; x_wconf 87' lang='lat' dir='ltr'>quem</span> <span class='ocrx_word' id='word_1_34' title='bbox 871 945 1021 988; x_wconf 88' lang='lat' dir='ltr'>arcanum</span> <span class='ocrx_word' id='word_1_35' title='bbox 1049 926 1171 1006; x_wconf 89' lang='lat' dir='ltr'>aliquid</span> <span class='ocrx_word' id='word_1_36' title='bbox 1198 937 1295 1006; x_wconf 87' lang='lat' dir='ltr'>atque</span> <span class='ocrx_word' id='word_1_37' title='bbox 1323 943 1340 986; x_wconf 93' lang='lat' dir='ltr'>a</span> <span class='ocrx_word' id='word_1_38' title='bbox 1367 927 1503 985; x_wconf 85' lang='lat' dir='ltr'>communi</span> 
     </span>
     <span class='ocr_line' id='line_1_6' title="bbox 338 1009 1580 1110; baseline -0.005 -18"><span class='ocrx_word' id='word_1_39' title='bbox 338 1033 447 1094; x_wconf 89' lang='lat' dir='ltr'>notitia</span> <span class='ocrx_word' id='word_1_40' title='bbox 481 1041 635 1092; x_wconf 90' lang='lat' dir='ltr'>remotum</span> <span class='ocrx_word' id='word_1_41' title='bbox 669 1031 863 1110; x_wconf 83' lang='lat' dir='ltr'>significasse</span> <span class='ocrx_word' id='word_1_42' title='bbox 897 1047 960 1090; x_wconf 86' lang='lat' dir='ltr'>nnn</span> <span class='ocrx_word' id='word_1_43' title='bbox 990 1039 1037 1091; x_wconf 87' lang='lat' dir='ltr'>est</span> <span class='ocrx_word' id='word_1_44' title='bbox 1068 1028 1332 1092; x_wconf 81' lang='lat' dir='ltr'>existimandum:</span> <span class='ocrx_word' id='word_1_45' title='bbox 1368 1045 1502 1106; x_wconf 79' lang='lat' dir='ltr'>nusquam</span> <span class='ocrx_word' id='word_1_46' title='bbox 1576 1009 1580 1040; x_wconf 60' lang='lat'>⁴</span> 
     </span>
     <span class='ocr_line' id='line_1_7' title="bbox 338 1130 1501 1214; baseline -0.009 -16"><span class='ocrx_word' id='word_1_47' title='bbox 338 1137 434 1214; x_wconf 87' lang='lat' dir='ltr'>enim,</span> <span class='ocrx_word' id='word_1_48' title='bbox 450 1133 570 1196; x_wconf 91' lang='lat' dir='ltr'>nedum</span> <span class='ocrx_word' id='word_1_49' title='bbox 584 1136 615 1195; x_wconf 93' lang='lat' dir='ltr'>in</span> <span class='ocrx_word' id='word_1_50' title='bbox 632 1137 690 1196; x_wconf 93' lang='lat' dir='ltr'>hoc</span> <span class='ocrx_word' id='word_1_51' title='bbox 706 1132 797 1212; x_wconf 83' lang='lat' dir='ltr'>libro,</span> <span class='ocrx_word' id='word_1_52' title='bbox 813 1132 1048 1194; x_wconf 88' lang='lat' dir='ltr'>reconditarum</span> <span class='ocrx_word' id='word_1_53' title='bbox 1066 1133 1244 1194; x_wconf 88' lang='lat' dir='ltr'>litterarum</span> <span class='ocrx_word' id='word_1_54' title='bbox 1260 1130 1364 1194; x_wconf 91' lang='lat' dir='ltr'>studia</span> <span class='ocrx_word' id='word_1_55' title='bbox 1376 1140 1501 1191; x_wconf 79' lang='lat' dir='ltr'>ostentat.</span> 
     </span>
     <span class='ocr_line' id='line_1_8' title="bbox 338 1232 1504 1319; baseline -0.006 -19"><span class='ocrx_word' id='word_1_56' title='bbox 338 1237 452 1319; x_wconf 90' lang='lat' dir='ltr'>quodsi</span> <span class='ocrx_word' id='word_1_57' title='bbox 476 1237 563 1299; x_wconf 91' lang='lat' dir='ltr'>nulla</span> <span class='ocrx_word' id='word_1_58' title='bbox 586 1255 667 1316; x_wconf 86' lang='lat' dir='ltr'>quae</span> <span class='ocrx_word' id='word_1_59' title='bbox 690 1237 752 1298; x_wconf 94' lang='lat' dir='ltr'>huc</span> <span class='ocrx_word' id='word_1_60' title='bbox 774 1238 933 1316; x_wconf 80' lang='lat' dir='ltr'>pertineat</span> <span class='ocrx_word' id='word_1_61' title='bbox 957 1235 1061 1298; x_wconf 90' lang='lat' dir='ltr'>labula</span> <span class='ocrx_word' id='word_1_62' title='bbox 1086 1235 1221 1298; x_wconf 88' lang='lat' dir='ltr'>indicari</span> <span class='ocrx_word' id='word_1_63' title='bbox 1245 1235 1377 1316; x_wconf 86' lang='lat' dir='ltr'>poterit,</span> <span class='ocrx_word' id='word_1_64' title='bbox 1406 1232 1504 1313; x_wconf 88' lang='lat' dir='ltr'>depra-</span> 
     </span>
     <span class='ocr_line' id='line_1_9' title="bbox 338 1336 1579 1420; baseline -0.006 -18"><span class='ocrx_word' id='word_1_65' title='bbox 338 1353 445 1404; x_wconf 88' lang='lat' dir='ltr'>vatum</span> <span class='ocrx_word' id='word_1_66' title='bbox 475 1360 545 1402; x_wconf 90' lang='lat' dir='ltr'>esse</span> <span class='ocrx_word' id='word_1_67' title='bbox 576 1338 693 1420; x_wconf 89' lang='lat' dir='ltr'>putabo</span> <span class='ocrx_word' id='word_1_68' title='bbox 715 1340 813 1420; x_wconf 82' lang='lat' dir='ltr'>apulia</span> <span class='ocrx_word' id='word_1_69' title='bbox 836 1336 1089 1419; x_wconf 90' lang='lat' dir='ltr'>mutandumque</span> <span class='ocrx_word' id='word_1_70' title='bbox 1111 1340 1143 1401; x_wconf 91' lang='lat' dir='ltr'>in</span> <span class='ocrx_word' id='word_1_71' title='bbox 1167 1339 1314 1400; x_wconf 83' lang='lat' dir='ltr'>oraculis.</span> <span class='ocrx_word' id='word_1_72' title='bbox 1361 1355 1429 1397; x_wconf 92' lang='lat' dir='ltr'>nam</span> <span class='ocrx_word' id='word_1_73' title='bbox 1448 1355 1505 1396; x_wconf 89' lang='lat' dir='ltr'>ora·</span> <span class='ocrx_word' id='word_1_74' title='bbox 1578 1341 1579 1344; x_wconf 76' lang='grc'>’</span> 
     </span>
     <span class='ocr_line' id='line_1_10' title="bbox 339 1439 1503 1527; baseline -0.008 -21"><span class='ocrx_word' id='word_1_75' title='bbox 339 1447 419 1507; x_wconf 88' lang='lat' dir='ltr'>culis</span> <span class='ocrx_word' id='word_1_76' title='bbox 443 1443 575 1506; x_wconf 86' lang='lat' dir='ltr'>deorum</span> <span class='ocrx_word' id='word_1_77' title='bbox 599 1443 753 1504; x_wconf 87' lang='lat' dir='ltr'>interesse</span> <span class='ocrx_word' id='word_1_78' title='bbox 775 1441 839 1504; x_wconf 89' lang='lat' dir='ltr'>dici</span> <span class='ocrx_word' id='word_1_79' title='bbox 856 1451 1027 1522; x_wconf 86' lang='lat' dir='ltr'>potuerunt</span> <span class='ocrx_word' id='word_1_80' title='bbox 1042 1451 1165 1522; x_wconf 86' lang='lat' dir='ltr'>poetae,</span> <span class='ocrx_word' id='word_1_81' title='bbox 1190 1445 1344 1527; x_wconf 79' lang='grc' dir='ltr'>προφῆται</span> <span class='ocrx_word' id='word_1_82' title='bbox 1359 1442 1415 1502; x_wconf 79' lang='grc' dir='ltr'>τῶν</span> <span class='ocrx_word' id='word_1_83' title='bbox 1429 1439 1503 1502; x_wconf 75' lang='grc' dir='ltr'>θεῶν.</span> 
     </span>
    </p>

    <p class='ocr_par' dir='ltr' id='par_1_4' title="bbox 338 1540 1507 1730">
     <span class='ocr_line' id='line_1_11' title="bbox 340 1540 1507 1625; baseline -0.007 -15"><span class='ocrx_word' id='word_1_84' title='bbox 340 1559 373 1610; x_wconf 89' lang='lat' dir='ltr'>ut</span> <span class='ocrx_word' id='word_1_85' title='bbox 396 1549 438 1610; x_wconf 87' lang='lat' dir='ltr'>ait</span> <span class='ocrx_word' id='word_1_86' title='bbox 462 1548 545 1608; x_wconf 91' lang='lat' dir='ltr'>Plato</span> <span class='ocrx_word' id='word_1_87' title='bbox 569 1547 601 1606; x_wconf 93' lang='lat' dir='ltr'>in</span> <span class='ocrx_word' id='word_1_88' title='bbox 625 1545 669 1606; x_wconf 91' lang='lat' dir='ltr'>lle</span> <span class='ocrx_word' id='word_1_89' title='bbox 692 1543 819 1625; x_wconf 84' lang='lat' dir='ltr'>publica</span> <span class='ocrx_word' id='word_1_90' title='bbox 836 1563 857 1604; x_wconf 90' lang='lat' dir='ltr'>n</span> <span class='ocrx_word' id='word_1_91' title='bbox 874 1565 906 1625; x_wconf 87' lang='lat' dir='ltr'>p.</span> <span class='ocrx_word' id='word_1_92' title='bbox 921 1540 1011 1605; x_wconf 65' lang='lat' dir='ltr'>366l.</span> <span class='ocrx_word' id='word_1_93' title='bbox 1059 1544 1144 1625; x_wconf 92' lang='lat' dir='ltr'>quod</span> <span class='ocrx_word' id='word_1_94' title='bbox 1167 1555 1272 1606; x_wconf 90' lang='lat' dir='ltr'>autem</span> <span class='ocrx_word' id='word_1_95' title='bbox 1296 1545 1389 1608; x_wconf 91' lang='lat' dir='ltr'>simul</span> <span class='ocrx_word' id='word_1_96' title='bbox 1411 1542 1507 1604; x_wconf 88' lang='lat' dir='ltr'>dicun-</span> 
     </span>
     <span class='ocr_line' id='line_1_12' title="bbox 338 1646 1507 1730; baseline -0.009 -17"><span class='ocrx_word' id='word_1_97' title='bbox 338 1661 391 1713; x_wconf 91' lang='lat' dir='ltr'>tur</span> <span class='ocrx_word' id='word_1_98' title='bbox 414 1669 522 1712; x_wconf 92' lang='lat' dir='ltr'>eorum</span> <span class='ocrx_word' id='word_1_99' title='bbox 542 1648 685 1730; x_wconf 76' lang='lat' dir='ltr'>proferre</span> <span class='ocrx_word' id='word_1_100' title='bbox 707 1665 854 1727; x_wconf 82' lang='lat' dir='ltr'>responso</span> <span class='ocrx_word' id='word_1_101' title='bbox 877 1657 996 1709; x_wconf 89' lang='lat' dir='ltr'>tantum</span> <span class='ocrx_word' id='word_1_102' title='bbox 1020 1647 1111 1710; x_wconf 84' lang='lat' dir='ltr'>abest</span> <span class='ocrx_word' id='word_1_103' title='bbox 1132 1659 1168 1709; x_wconf 91' lang='lat' dir='ltr'>ut</span> <span class='ocrx_word' id='word_1_104' title='bbox 1190 1646 1342 1729; x_wconf 88' lang='lat' dir='ltr'>impediat</span> <span class='ocrx_word' id='word_1_105' title='bbox 1358 1647 1507 1729; x_wconf 75' lang='lat' dir='ltr'>quominus</span> 
     </span>
    </p>

    <p class='ocr_par' dir='ltr' id='par_1_5' title="bbox 338 1748 1508 2142">
     <span class='ocr_line' id='line_1_13' title="bbox 339 1748 1507 1831; baseline -0.009 -16"><span class='ocrx_word' id='word_1_106' title='bbox 339 1763 366 1816; x_wconf 91' lang='lat' dir='ltr'>et</span> <span class='ocrx_word' id='word_1_107' title='bbox 390 1755 533 1815; x_wconf 84' lang='lat' dir='ltr'>interesse</span> <span class='ocrx_word' id='word_1_108' title='bbox 555 1752 691 1812; x_wconf 80' lang='lat' dir='ltr'>oraculis</span> <span class='ocrx_word' id='word_1_109' title='bbox 713 1748 856 1812; x_wconf 91' lang='lat' dir='ltr'>additum</span> <span class='ocrx_word' id='word_1_110' title='bbox 881 1749 978 1812; x_wconf 86' lang='lat' dir='ltr'>luisse</span> <span class='ocrx_word' id='word_1_111' title='bbox 1001 1750 1179 1830; x_wconf 70' lang='lat' dir='ltr'>credamm,</span> <span class='ocrx_word' id='word_1_112' title='bbox 1206 1761 1239 1812; x_wconf 91' lang='lat' dir='ltr'>ut</span> <span class='ocrx_word' id='word_1_113' title='bbox 1262 1769 1331 1813; x_wconf 90' lang='lat' dir='ltr'>eam</span> <span class='ocrx_word' id='word_1_114' title='bbox 1347 1751 1507 1831; x_wconf 83' lang='lat' dir='ltr'>opinionem</span> 
     </span>
     <span class='ocr_line' id='line_1_14' title="bbox 338 1851 1507 1937; baseline -0.007 -21"><span class='ocrx_word' id='word_1_115' title='bbox 338 1855 567 1937; x_wconf 84' lang='lat' dir='ltr'>propemodum</span> <span class='ocrx_word' id='word_1_116' title='bbox 596 1852 743 1915; x_wconf 82' lang='lat' dir='ltr'>videatur</span> <span class='ocrx_word' id='word_1_117' title='bbox 774 1853 980 1915; x_wconf 85' lang='lat' dir='ltr'>confirmare:</span> <span class='ocrx_word' id='word_1_118' title='bbox 1013 1854 1092 1915; x_wconf 93' lang='lat' dir='ltr'>nihil</span> <span class='ocrx_word' id='word_1_119' title='bbox 1115 1864 1162 1916; x_wconf 88' lang='lat' dir='ltr'>est</span> <span class='ocrx_word' id='word_1_120' title='bbox 1185 1857 1270 1916; x_wconf 88' lang='lat' dir='ltr'>enim</span> <span class='ocrx_word' id='word_1_121' title='bbox 1295 1856 1327 1915; x_wconf 92' lang='lat' dir='ltr'>in</span> <span class='ocrx_word' id='word_1_122' title='bbox 1350 1855 1407 1914; x_wconf 87' lang='lat' dir='ltr'>hnc</span> <span class='ocrx_word' id='word_1_123' title='bbox 1427 1851 1507 1912; x_wconf 86' lang='lat' dir='ltr'>Taciti</span> 
     </span>
     <span class='ocr_line' id='line_1_15' title="bbox 340 1955 1508 2038; baseline -0.008 -18"><span class='ocrx_word' id='word_1_124' title='bbox 340 1958 422 2020; x_wconf 83' lang='lat' dir='ltr'>libro</span> <span class='ocrx_word' id='word_1_125' title='bbox 452 1957 652 2038; x_wconf 81' lang='lat' dir='ltr'>frequentius</span> <span class='ocrx_word' id='word_1_126' title='bbox 680 1975 774 2036; x_wconf 89' lang='lat' dir='ltr'>quam</span> <span class='ocrx_word' id='word_1_127' title='bbox 803 1957 954 2018; x_wconf 90' lang='lat' dir='ltr'>similium</span> <span class='ocrx_word' id='word_1_128' title='bbox 979 1957 1145 2037; x_wconf 87' lang='lat' dir='ltr'>copulatio.</span> <span class='ocrx_word' id='word_1_129' title='bbox 1192 1976 1298 2038; x_wconf 90' lang='lat' dir='ltr'>neque</span> <span class='ocrx_word' id='word_1_130' title='bbox 1321 1955 1508 2037; x_wconf 71' lang='lat' dir='ltr'>hysterologia</span> 
     </span>
     <span class='ocr_line' id='line_1_16' title="bbox 340 2058 703 2142; baseline -0.014 -19"><span class='ocrx_word' id='word_1_131' title='bbox 340 2079 530 2142; x_wconf 91' lang='lat' dir='ltr'>quemquam</span> <span class='ocrx_word' id='word_1_132' title='bbox 553 2058 703 2121; x_wconf 78' lang='lat' dir='ltr'>offendet.</span> 
     </span>
    </p>

    <p class='ocr_par' dir='ltr' id='par_1_6' title="bbox 340 2160 1511 2552">
     <span class='ocr_line' id='line_1_17' title="bbox 427 2160 1511 2244; baseline -0.003 -21"><span class='ocrx_word' id='word_1_133' title='bbox 427 2163 541 2223; x_wconf 80' lang='lat' dir='ltr'>Lxxt&#39;.</span> <span class='ocrx_word' id='word_1_134' title='bbox 573 2160 728 2242; x_wconf 80' lang='lat' dir='ltr'>Apuleius</span> <span class='ocrx_word' id='word_1_135' title='bbox 742 2164 815 2224; x_wconf 82' lang='lat' dir='ltr'>Met.</span> <span class='ocrx_word' id='word_1_136' title='bbox 833 2182 865 2223; x_wconf 81' lang='lat' dir='ltr'>tn</span> <span class='ocrx_word' id='word_1_137' title='bbox 884 2163 921 2223; x_wconf 79' lang='lat' dir='ltr'>ll</span> <span class='ocrx_word' id='word_1_138' title='bbox 947 2164 1065 2244; x_wconf 84' lang='lat' dir='ltr'>iompne</span> <span class='ocrx_word' id='word_1_139' title='bbox 1087 2168 1115 2223; x_wconf 84' lang='lat' dir='ltr'>et</span> <span class='ocrx_word' id='word_1_140' title='bbox 1137 2163 1220 2244; x_wconf 77' lang='lat' dir='ltr'>ipsae</span> <span class='ocrx_word' id='word_1_141' title='bbox 1242 2171 1335 2225; x_wconf 80' lang='lat' dir='ltr'>semet</span> <span class='ocrx_word' id='word_1_142' title='bbox 1356 2163 1511 2224; x_wconf 78' lang='lat' dir='ltr'>nnmieltant</span> 
     </span>
     <span class='ocr_line' id='line_1_18' title="bbox 340 2265 1510 2348; baseline -0.003 -21"><span class='ocrx_word' id='word_1_143' title='bbox 340 2267 459 2328; x_wconf 82' lang='lat' dir='ltr'>nocctes</span> <span class='ocrx_word' id='word_1_144' title='bbox 487 2285 605 2347; x_wconf 56' lang='lat' dir='ltr'>aquata</span> <span class='ocrx_word' id='word_1_145' title='bbox 636 2285 708 2326; x_wconf 81' lang='lat' dir='ltr'>narn</span> <span class='ocrx_word' id='word_1_146' title='bbox 737 2273 765 2326; x_wconf 88' lang='lat' dir='ltr'>et</span> <span class='ocrx_word' id='word_1_147' title='bbox 796 2265 943 2326; x_wconf 83' lang='lat' dir='ltr'>‘discede&#39;</span> <span class='ocrx_word' id='word_1_148' title='bbox 974 2271 1002 2326; x_wconf 90' lang='lat' dir='ltr'>et</span> <span class='ocrx_word' id='word_1_149' title='bbox 1033 2265 1123 2348; x_wconf 85' lang='lat' dir='ltr'>‘qnid</span> <span class='ocrx_word' id='word_1_150' title='bbox 1141 2265 1247 2346; x_wconf 81' lang='lat' dir='ltr'>sacis?</span> <span class='ocrx_word' id='word_1_151' title='bbox 1275 2267 1358 2328; x_wconf 87' lang='lat' dir='ltr'>vide&#39;</span> <span class='ocrx_word' id='word_1_152' title='bbox 1383 2275 1410 2328; x_wconf 88' lang='lat' dir='ltr'>et</span> <span class='ocrx_word' id='word_1_153' title='bbox 1437 2266 1510 2348; x_wconf 79' lang='lat' dir='ltr'>‘&#39;pnt&#39;d</span> 
     </span>
     <span class='ocr_line' id='line_1_19' title="bbox 342 2366 1511 2451; baseline -0.002 -21"><span class='ocrx_word' id='word_1_154' title='bbox 342 2371 431 2451; x_wconf 78' lang='lat' dir='ltr'>apis?</span> <span class='ocrx_word' id='word_1_155' title='bbox 460 2367 547 2430; x_wconf 89' lang='lat' dir='ltr'>cave’</span> <span class='ocrx_word' id='word_1_156' title='bbox 570 2376 598 2429; x_wconf 89' lang='lat' dir='ltr'>et</span> <span class='ocrx_word' id='word_1_157' title='bbox 622 2368 722 2450; x_wconf 78' lang='lat' dir='ltr'>‘supe&#39;</span> <span class='ocrx_word' id='word_1_158' title='bbox 753 2375 781 2428; x_wconf 91' lang='lat' dir='ltr'>et</span> <span class='ocrx_word' id='word_1_159' title='bbox 805 2366 948 2448; x_wconf 76' lang='lat' dir='ltr'>‘peribis&#39;</span> <span class='ocrx_word' id='word_1_160' title='bbox 979 2367 1106 2429; x_wconf 79' lang='lat' dir='ltr'>subinde</span> <span class='ocrx_word' id='word_1_161' title='bbox 1128 2369 1272 2430; x_wconf 87' lang='lat' dir='ltr'>clamant.</span> <span class='ocrx_word' id='word_1_162' title='bbox 1321 2371 1434 2431; x_wconf 79' lang='lat' dir='ltr'>eximie</span> <span class='ocrx_word' id='word_1_163' title='bbox 1454 2370 1511 2430; x_wconf 86' lang='lat' dir='ltr'>lah-</span> 
     </span>
     <span class='ocr_line' id='line_1_20' title="bbox 340 2468 1508 2552; baseline -0.003 -20"><span class='ocrx_word' id='word_1_164' title='bbox 340 2473 413 2534; x_wconf 93' lang='lat' dir='ltr'>nius</span> <span class='ocrx_word' id='word_1_165' title='bbox 436 2479 463 2532; x_wconf 89' lang='lat' dir='ltr'>et</span> <span class='ocrx_word' id='word_1_166' title='bbox 487 2473 569 2552; x_wconf 79' lang='lat' dir='ltr'>ipsae</span> <span class='ocrx_word' id='word_1_167' title='bbox 584 2479 693 2532; x_wconf 85' lang='lat' dir='ltr'>rnetnm</span> <span class='ocrx_word' id='word_1_168' title='bbox 710 2470 903 2532; x_wconf 81' lang='lat' dir='ltr'>incutiebant.</span> <span class='ocrx_word' id='word_1_169' title='bbox 939 2468 996 2531; x_wconf 91' lang='lat' dir='ltr'>sed</span> <span class='ocrx_word' id='word_1_170' title='bbox 1013 2470 1117 2532; x_wconf 91' lang='lat' dir='ltr'>lenius</span> <span class='ocrx_word' id='word_1_171' title='bbox 1133 2481 1180 2532; x_wconf 92' lang='lat' dir='ltr'>est</span> <span class='ocrx_word' id='word_1_172' title='bbox 1196 2471 1340 2534; x_wconf 84' lang='lat' dir='ltr'>scribere</span> <span class='ocrx_word' id='word_1_173' title='bbox 1357 2473 1508 2535; x_wconf 83' lang='lat' dir='ltr'>iniciebant.</span> 
     </span>
    </p>

    <p class='ocr_par' dir='ltr' id='par_1_7' title="bbox 340 2570 1579 3048">
     <span class='ocr_line' id='line_1_21' title="bbox 427 2570 1509 2658; baseline -0.001 -23"><span class='ocrx_word' id='word_1_174' title='bbox 427 2575 556 2635; x_wconf 82' lang='lat' dir='ltr'>txxvt.</span> <span class='ocrx_word' id='word_1_175' title='bbox 581 2576 700 2636; x_wconf 90' lang='lat' dir='ltr'>Nonius</span> <span class='ocrx_word' id='word_1_176' title='bbox 716 2594 747 2654; x_wconf 94' lang='lat' dir='ltr'>p.</span> <span class='ocrx_word' id='word_1_177' title='bbox 767 2573 829 2634; x_wconf 79' lang='lat'>357</span> <span class='ocrx_word' id='word_1_178' title='bbox 846 2571 864 2632; x_wconf 85' lang='lat'><strong>7</strong></span> <span class='ocrx_word' id='word_1_179' title='bbox 881 2570 989 2634; x_wconf 78' lang='lat' dir='ltr'>Accone</span> <span class='ocrx_word' id='word_1_180' title='bbox 1005 2570 1187 2653; x_wconf 79' lang='lat' dir='ltr'>Astyanacte</span> <span class='ocrx_word' id='word_1_181' title='bbox 1213 2575 1310 2636; x_wconf 76' lang='lat' dir='ltr'>‘irinc</span> <span class='ocrx_word' id='word_1_182' title='bbox 1332 2578 1509 2658; x_wconf 82' lang='lat' dir='ltr'>nicaiapinen</span> 
     </span>
     <span class='ocr_line' id='line_1_22' title="bbox 340 2676 1579 2761; baseline -0.003 -22"><span class='ocrx_word' id='word_1_183' title='bbox 340 2680 496 2761; x_wconf 70' lang='lat' dir='ltr'>reqionum</span> <span class='ocrx_word' id='word_1_184' title='bbox 523 2676 576 2757; x_wconf 83' lang='lat' dir='ltr'>sac</span> <span class='ocrx_word' id='word_1_185' title='bbox 599 2697 636 2739; x_wconf 88' lang='lat' dir='ltr'>cc</span> <span class='ocrx_word' id='word_1_186' title='bbox 658 2677 785 2738; x_wconf 80' lang='lat' dir='ltr'>deat&#39;sset</span> <span class='ocrx_word' id='word_1_187' title='bbox 810 2677 978 2737; x_wconf 75' lang='lat' dir='ltr'>enercitntn</span> <span class='ocrx_word' id='word_1_188' title='bbox 1002 2677 1122 2738; x_wconf 85' lang='lat' dir='ltr'>morari</span> <span class='ocrx_word' id='word_1_189' title='bbox 1142 2695 1196 2738; x_wconf 88' lang='lat' dir='ltr'>nec</span> <span class='ocrx_word' id='word_1_190' title='bbox 1219 2695 1266 2738; x_wconf 89' lang='lat' dir='ltr'>me</span> <span class='ocrx_word' id='word_1_191' title='bbox 1289 2678 1329 2739; x_wconf 84' lang='lat' dir='ltr'>ab</span> <span class='ocrx_word' id='word_1_192' title='bbox 1351 2679 1511 2742; x_wconf 82' lang='lat' dir='ltr'>damnition</span> <span class='ocrx_word' id='word_1_193' title='bbox 1578 2711 1579 2720; x_wconf 27' lang='grc' dir='ltr'><strong>κ</strong></span> 
     </span>
     <span class='ocr_line' id='line_1_23' title="bbox 341 2776 1511 2864; baseline -0.001 -22"><span class='ocrx_word' id='word_1_194' title='bbox 341 2789 513 2843; x_wconf 77' lang='lat' dir='ltr'>marceneto</span> <span class='ocrx_word' id='word_1_195' title='bbox 543 2780 665 2842; x_wconf 81' lang='lat' dir='ltr'>obsceno</span> <span class='ocrx_word' id='word_1_196' title='bbox 693 2779 832 2839; x_wconf 63' lang='lat' dir='ltr'>lentina)</span> <span class='ocrx_word' id='word_1_197' title='bbox 879 2776 961 2839; x_wconf 91' lang='lat' dir='ltr'>docti</span> <span class='ocrx_word' id='word_1_198' title='bbox 993 2780 1136 2841; x_wconf 89' lang='lat' dir='ltr'>homines</span> <span class='ocrx_word' id='word_1_199' title='bbox 1159 2779 1243 2842; x_wconf 91' lang='lat' dir='ltr'>haud</span> <span class='ocrx_word' id='word_1_200' title='bbox 1267 2799 1366 2861; x_wconf 89' lang='lat' dir='ltr'>paura</span> <span class='ocrx_word' id='word_1_201' title='bbox 1390 2781 1511 2864; x_wconf 83' lang='lat' dir='ltr'>pmtulr-</span> 
     </span>
     <span class='ocr_line' id='line_1_24' title="bbox 342 2881 1579 2965; baseline -0.002 -21"><span class='ocrx_word' id='word_1_202' title='bbox 342 2893 416 2946; x_wconf 91' lang='lat' dir='ltr'>runt</span> <span class='ocrx_word' id='word_1_203' title='bbox 445 2883 601 2944; x_wconf 87' lang='lat' dir='ltr'>mirabilia</span> <span class='ocrx_word' id='word_1_204' title='bbox 633 2893 663 2943; x_wconf 93' lang='lat' dir='ltr'>et</span> <span class='ocrx_word' id='word_1_205' title='bbox 692 2901 755 2942; x_wconf 90' lang='lat' dir='ltr'>non</span> <span class='ocrx_word' id='word_1_206' title='bbox 787 2881 871 2942; x_wconf 88' lang='lat' dir='ltr'>nulla</span> <span class='ocrx_word' id='word_1_207' title='bbox 896 2881 974 2943; x_wconf 89' lang='lat' dir='ltr'>adeo</span> <span class='ocrx_word' id='word_1_208' title='bbox 999 2893 1183 2944; x_wconf 78' lang='lat' dir='ltr'>monstrosa¹</span> <span class='ocrx_word' id='word_1_209' title='bbox 1231 2885 1310 2944; x_wconf 90' lang='lat' dir='ltr'>mihi</span> <span class='ocrx_word' id='word_1_210' title='bbox 1333 2887 1408 2946; x_wconf 92' lang='lat' dir='ltr'>satis</span> <span class='ocrx_word' id='word_1_211' title='bbox 1429 2886 1509 2965; x_wconf 87' lang='lat' dir='ltr'>liquet</span> <span class='ocrx_word' id='word_1_212' title='bbox 1578 2893 1579 2960; x_wconf 62' lang='lat' dir='ltr'>t</span> 
     </span>
     <span class='ocr_line' id='line_1_25' title="bbox 342 2969 1579 3048; baseline -0.005 0"><span class='ocrx_word' id='word_1_213' title='bbox 342 2985 549 3048; x_wconf 89' lang='lat' dir='ltr'>scribendum</span> <span class='ocrx_word' id='word_1_214' title='bbox 571 3004 641 3047; x_wconf 89' lang='lat' dir='ltr'>esse</span> <span class='ocrx_word' id='word_1_215' title='bbox 1578 2969 1579 2994; x_wconf 60' lang='lat'>¹</span> 
     </span>
    </p>

    <p class='ocr_par' dir='ltr' id='par_1_8' title="bbox 428 3083 1442 3168">
     <span class='ocr_line' id='line_1_26' title="bbox 428 3083 1442 3168; baseline 0.002 -20"><span class='ocrx_word' id='word_1_216' title='bbox 428 3107 510 3150; x_wconf 76' lang='lat' dir='ltr'>ronne</span> <span class='ocrx_word' id='word_1_217' title='bbox 534 3088 677 3150; x_wconf 79' lang='lat' dir='ltr'>Cnlclrnnt</span> <span class='ocrx_word' id='word_1_218' title='bbox 701 3083 873 3168; x_wconf 80' lang='lat' dir='ltr'>aruspicem</span> <span class='ocrx_word' id='word_1_219' title='bbox 899 3088 1045 3168; x_wconf 79' lang='lat' dir='ltr'>lept&#39;onnnt</span> <span class='ocrx_word' id='word_1_220' title='bbox 1066 3089 1119 3168; x_wconf 75' lang='lat' dir='ltr'>foc</span> <span class='ocrx_word' id='word_1_221' title='bbox 1141 3089 1255 3150; x_wconf 71' lang='lat' dir='ltr'>desisse</span> <span class='ocrx_word' id='word_1_222' title='bbox 1277 3092 1442 3152; x_wconf 80' lang='lat' dir='ltr'>erereitnni</span> 
     </span>
    </p>

    <p class='ocr_par' dir='ltr' id='par_1_9' title="bbox 345 3190 1509 3561">
     <span class='ocr_line' id='line_1_27' title="bbox 428 3190 1458 3256; baseline 0.001 -4"><span class='ocrx_word' id='word_1_223' title='bbox 428 3192 550 3252; x_wconf 85' lang='lat' dir='ltr'>morari</span> <span class='ocrx_word' id='word_1_224' title='bbox 569 3209 623 3252; x_wconf 93' lang='lat' dir='ltr'>nec</span> <span class='ocrx_word' id='word_1_225' title='bbox 645 3209 690 3251; x_wconf 81' lang='lat' dir='ltr'>nte</span> <span class='ocrx_word' id='word_1_226' title='bbox 714 3190 752 3251; x_wconf 89' lang='lat' dir='ltr'>ab</span> <span class='ocrx_word' id='word_1_227' title='bbox 775 3190 955 3250; x_wconf 66' lang='lat' dir='ltr'>demaritione</span> <span class='ocrx_word' id='word_1_228' title='bbox 977 3209 1085 3252; x_wconf 83' lang='lat' dir='ltr'>arcere</span> <span class='ocrx_word' id='word_1_229' title='bbox 1107 3199 1168 3252; x_wconf 85' lang='lat' dir='ltr'>tam</span> <span class='ocrx_word' id='word_1_230' title='bbox 1192 3191 1337 3254; x_wconf 86' lang='lat' dir='ltr'>obscoeno</span> <span class='ocrx_word' id='word_1_231' title='bbox 1358 3197 1458 3256; x_wconf 82' lang='lat' dir='ltr'>omine.</span> 
     </span>
     <span class='ocr_line' id='line_1_28' title="bbox 345 3291 1509 3378; baseline -0.002 -24"><span class='ocrx_word' id='word_1_232' title='bbox 345 3313 426 3373; x_wconf 88' lang='lat' dir='ltr'>quae</span> <span class='ocrx_word' id='word_1_233' title='bbox 455 3292 496 3354; x_wconf 89' lang='lat' dir='ltr'>ab</span> <span class='ocrx_word' id='word_1_234' title='bbox 526 3294 596 3355; x_wconf 92' lang='lat' dir='ltr'>aliis</span> <span class='ocrx_word' id='word_1_235' title='bbox 624 3294 817 3373; x_wconf 86' lang='lat' dir='ltr'>sumpserim</span> <span class='ocrx_word' id='word_1_236' title='bbox 839 3291 966 3355; x_wconf 88' lang='lat' dir='ltr'>docebit</span> <span class='ocrx_word' id='word_1_237' title='bbox 987 3293 1145 3356; x_wconf 89' lang='lat' dir='ltr'>adnotatio</span> <span class='ocrx_word' id='word_1_238' title='bbox 1168 3293 1336 3356; x_wconf 80' lang='lat' dir='ltr'>llihbecltii</span> <span class='ocrx_word' id='word_1_239' title='bbox 1361 3298 1447 3378; x_wconf 75' lang='lat' dir='ltr'>Trag.</span> <span class='ocrx_word' id='word_1_240' title='bbox 1469 3296 1509 3356; x_wconf 90' lang='lat' dir='ltr'>lat.</span> 
     </span>
     <span class='ocr_line' id='line_1_29' title="bbox 345 3393 1508 3480; baseline -0.001 -24"><span class='ocrx_word' id='word_1_241' title='bbox 345 3397 417 3458; x_wconf 93' lang='lat' dir='ltr'>rel.¹</span> <span class='ocrx_word' id='word_1_242' title='bbox 433 3415 466 3476; x_wconf 88' lang='lat' dir='ltr'>p.</span> <span class='ocrx_word' id='word_1_243' title='bbox 483 3397 555 3456; x_wconf 86' lang='lat' dir='ltr'>t33.</span> <span class='ocrx_word' id='word_1_244' title='bbox 574 3396 723 3478; x_wconf 82' lang='lat' dir='ltr'>lepionnm</span> <span class='ocrx_word' id='word_1_245' title='bbox 739 3395 886 3476; x_wconf 84' lang='lat' dir='ltr'>praebuit</span> <span class='ocrx_word' id='word_1_246' title='bbox 901 3393 1061 3458; x_wconf 77' lang='lat' dir='ltr'>Adrianus</span> <span class='ocrx_word' id='word_1_247' title='bbox 1076 3397 1212 3476; x_wconf 79' lang='lat' dir='ltr'>Heringa</span> <span class='ocrx_word' id='word_1_248' title='bbox 1226 3397 1303 3458; x_wconf 91' lang='lat' dir='ltr'>0bs.</span> <span class='ocrx_word' id='word_1_249' title='bbox 1318 3400 1391 3460; x_wconf 84' lang='lat' dir='ltr'>crit.</span> <span class='ocrx_word' id='word_1_250' title='bbox 1408 3420 1439 3480; x_wconf 93' lang='lat' dir='ltr'>p.</span> <span class='ocrx_word' id='word_1_251' title='bbox 1452 3399 1508 3458; x_wconf 74' lang='lat' dir='ltr'>ill.</span> 
     </span>
     <span class='ocr_line' id='line_1_30' title="bbox 345 3496 852 3561; baseline -0.002 -1"><span class='ocrx_word' id='word_1_252' title='bbox 345 3500 378 3561; x_wconf 90' lang='lat' dir='ltr'>in</span> <span class='ocrx_word' id='word_1_253' title='bbox 402 3499 515 3560; x_wconf 88' lang='lat' dir='ltr'>ceteris</span> <span class='ocrx_word' id='word_1_254' title='bbox 536 3496 706 3560; x_wconf 91' lang='lat' dir='ltr'>admodum</span> <span class='ocrx_word' id='word_1_255' title='bbox 729 3497 852 3560; x_wconf 80' lang='lat' dir='ltr'>infelix.</span> 
     </span>
    </p>

    <p class='ocr_par' dir='ltr' id='par_1_10' title="bbox 432 3600 1511 3680">
     <span class='ocr_line' id='line_1_31' title="bbox 432 3600 1511 3680; baseline -0.001 -18"><span class='ocrx_word' id='word_1_256' title='bbox 432 3602 575 3662; x_wconf 82' lang='lat' dir='ltr'>Lxxvtt.</span> <span class='ocrx_word' id='word_1_257' title='bbox 608 3601 643 3662; x_wconf 93' lang='lat' dir='ltr'>ln</span> <span class='ocrx_word' id='word_1_258' title='bbox 674 3600 754 3662; x_wconf 84' lang='lat' dir='ltr'>libro</span> <span class='ocrx_word' id='word_1_259' title='bbox 776 3601 934 3662; x_wconf 76' lang='lat' dir='ltr'>Aeneidos</span> <span class='ocrx_word' id='word_1_260' title='bbox 964 3603 1098 3680; x_wconf 91' lang='lat' dir='ltr'>septimo</span> <span class='ocrx_word' id='word_1_261' title='bbox 1121 3602 1198 3664; x_wconf 89' lang='lat' dir='ltr'>luno</span> <span class='ocrx_word' id='word_1_262' title='bbox 1220 3600 1329 3664; x_wconf 76' lang='lat' dir='ltr'>Alecto</span> <span class='ocrx_word' id='word_1_263' title='bbox 1358 3605 1399 3666; x_wconf 91' lang='lat' dir='ltr'>ab</span> <span class='ocrx_word' id='word_1_264' title='bbox 1420 3603 1511 3666; x_wconf 83' lang='lat' dir='ltr'>inlotis</span> 
     </span>
    </p>

    <p class='ocr_par' dir='ltr' id='par_1_11' title="bbox 286 3692 1512 3785">
     <span class='ocr_line' id='line_1_32' title="bbox 286 3692 1512 3785; baseline -0.005 -17"><span class='ocrx_word' id='word_1_265' title='bbox 286 3692 458 3768; x_wconf 82' lang='lat' dir='ltr'>ttsevooat¹</span> <span class='ocrx_word' id='word_1_266' title='bbox 487 3713 522 3766; x_wconf 89' lang='lat' dir='ltr'>ut</span> <span class='ocrx_word' id='word_1_267' title='bbox 550 3722 660 3785; x_wconf 90' lang='lat' dir='ltr'>pacem</span> <span class='ocrx_word' id='word_1_268' title='bbox 692 3708 886 3785; x_wconf 78' lang='lat' dir='ltr'>conpositam</span> <span class='ocrx_word' id='word_1_269' title='bbox 908 3703 1044 3765; x_wconf 90' lang='lat' dir='ltr'>disiciat.</span> <span class='ocrx_word' id='word_1_270' title='bbox 1090 3715 1161 3785; x_wconf 91' lang='lat' dir='ltr'>post</span> <span class='ocrx_word' id='word_1_271' title='bbox 1183 3706 1312 3768; x_wconf 92' lang='lat' dir='ltr'>lunonis</span> <span class='ocrx_word' id='word_1_272' title='bbox 1335 3707 1432 3769; x_wconf 86' lang='lat' dir='ltr'>verba</span> <span class='ocrx_word' id='word_1_273' title='bbox 1454 3709 1512 3768; x_wconf 84' lang='lat' dir='ltr'>haer</span> 
     </span>
    </p>

    <p class='ocr_par' dir='ltr' id='par_1_12' title="bbox 344 3804 1578 4612">
     <span class='ocr_line' id='line_1_33' title="bbox 345 3804 1511 3890; baseline -0.003 -21"><span class='ocrx_word' id='word_1_274' title='bbox 345 3817 497 3869; x_wconf 88' lang='lat' dir='ltr'>secuntur</span> <span class='ocrx_word' id='word_1_275' title='bbox 520 3825 551 3867; x_wconf 93' lang='lat' dir='ltr'>v.</span> <span class='ocrx_word' id='word_1_276' title='bbox 569 3807 651 3884; x_wconf 87' lang='lat' dir='ltr'>3tt,</span> <span class='ocrx_word' id='word_1_277' title='bbox 677 3809 752 3869; x_wconf 80' lang='lat' dir='ltr'>eoein</span> <span class='ocrx_word' id='word_1_278' title='bbox 777 3808 940 3890; x_wconf 76' lang='lat' dir='ltr'>Gorponeia</span> <span class='ocrx_word' id='word_1_279' title='bbox 962 3804 1074 3868; x_wconf 77' lang='lat' dir='ltr'>Allecto</span> <span class='ocrx_word' id='word_1_280' title='bbox 1097 3807 1210 3888; x_wconf 78' lang='lat' dir='ltr'>infecto</span> <span class='ocrx_word' id='word_1_281' title='bbox 1234 3811 1358 3873; x_wconf 68' lang='lat' dir='ltr'>venenis</span> <span class='ocrx_word' id='word_1_282' title='bbox 1383 3809 1511 3890; x_wconf 83' lang='lat' dir='ltr'>Principio</span> 
     </span>
     <span class='ocr_line' id='line_1_34' title="bbox 346 3911 1511 3995; baseline -0.003 -24"><span class='ocrx_word' id='word_1_283' title='bbox 346 3911 468 3972; x_wconf 86' lang='lat' dir='ltr'>Latium</span> <span class='ocrx_word' id='word_1_284' title='bbox 497 3918 525 3972; x_wconf 90' lang='lat' dir='ltr'>et</span> <span class='ocrx_word' id='word_1_285' title='bbox 546 3911 710 3972; x_wconf 81' lang='lat' dir='ltr'>Laurentia</span> <span class='ocrx_word' id='word_1_286' title='bbox 739 3917 815 3972; x_wconf 88' lang='lat' dir='ltr'>tecto</span> <span class='ocrx_word' id='word_1_287' title='bbox 845 3911 973 3991; x_wconf 82' lang='lat' dir='ltr'>tyranni</span> <span class='ocrx_word' id='word_1_288' title='bbox 996 3911 1083 3972; x_wconf 81' lang='lat' dir='ltr'>Celsa</span> <span class='ocrx_word' id='word_1_289' title='bbox 1109 3912 1185 3991; x_wconf 88' lang='lat' dir='ltr'>petit</span> <span class='ocrx_word' id='word_1_290' title='bbox 1214 3913 1397 3995; x_wconf 65' lang='lat' dir='ltr'>tacitamque</span> <span class='ocrx_word' id='word_1_291' title='bbox 1422 3911 1511 3975; x_wconf 75' lang='lat' dir='ltr'>obedit</span> 
     </span>
     <span class='ocr_line' id='line_1_35' title="bbox 345 4008 1578 4096; baseline 0.005 -22"><span class='ocrx_word' id='word_1_292' title='bbox 345 4013 434 4074; x_wconf 87' lang='lat' dir='ltr'>limen</span> <span class='ocrx_word' id='word_1_293' title='bbox 458 4008 598 4075; x_wconf 76' lang='lat' dir='ltr'>Ananiae.</span> <span class='ocrx_word' id='word_1_294' title='bbox 644 4012 685 4074; x_wconf 86' lang='lat' dir='ltr'>ad</span> <span class='ocrx_word' id='word_1_295' title='bbox 708 4031 789 4092; x_wconf 89' lang='lat' dir='ltr'>quae</span> <span class='ocrx_word' id='word_1_296' title='bbox 812 4013 953 4092; x_wconf 90' lang='lat' dir='ltr'>pertinet</span> <span class='ocrx_word' id='word_1_297' title='bbox 975 4013 1114 4074; x_wconf 87' lang='lat' dir='ltr'>scholion</span> <span class='ocrx_word' id='word_1_298' title='bbox 1137 4012 1212 4074; x_wconf 87' lang='lat' dir='ltr'>libri</span> <span class='ocrx_word' id='word_1_299' title='bbox 1235 4015 1426 4077; x_wconf 79' lang='lat' dir='ltr'>Veronensis</span> <span class='ocrx_word' id='word_1_300' title='bbox 1446 4011 1511 4096; x_wconf 89' lang='lat' dir='ltr'>quod</span> <span class='ocrx_word' id='word_1_301' title='bbox 1577 4013 1578 4080; x_wconf 66' lang='grc' dir='ltr'>Ξ</span> 
     </span>
     <span class='ocr_line' id='line_1_36' title="bbox 345 4113 1578 4200; baseline 0.001 -25"><span class='ocrx_word' id='word_1_302' title='bbox 345 4116 443 4178; x_wconf 84' lang='lat' dir='ltr'>ttaius</span> <span class='ocrx_word' id='word_1_303' title='bbox 472 4125 504 4178; x_wconf 91' lang='lat' dir='ltr'>et</span> <span class='ocrx_word' id='word_1_304' title='bbox 526 4116 646 4177; x_wconf 87' lang='lat' dir='ltr'>Keilius</span> <span class='ocrx_word' id='word_1_305' title='bbox 669 4117 710 4176; x_wconf 92' lang='lat' dir='ltr'>ita</span> <span class='ocrx_word' id='word_1_306' title='bbox 733 4115 887 4196; x_wconf 86' lang='lat' dir='ltr'>scriptum</span> <span class='ocrx_word' id='word_1_307' title='bbox 911 4113 1090 4193; x_wconf 88' lang='lat' dir='ltr'>dederunt,</span> <span class='ocrx_word' id='word_1_308' title='bbox 1125 4115 1201 4178; x_wconf 76' lang='lat' dir='ltr'>naec</span> <span class='ocrx_word' id='word_1_309' title='bbox 1223 4119 1290 4179; x_wconf 80' lang='lat' dir='ltr'>eine</span> <span class='ocrx_word' id='word_1_310' title='bbox 1311 4119 1377 4180; x_wconf 88' lang='lat' dir='ltr'>nlla</span> <span class='ocrx_word' id='word_1_311' title='bbox 1400 4119 1511 4180; x_wconf 82' lang='lat' dir='ltr'>lectnnit</span> <span class='ocrx_word' id='word_1_312' title='bbox 1577 4121 1578 4200; x_wconf 52' lang='grc' dir='ltr'>Τ</span> 
     </span>
     <span class='ocr_line' id='line_1_37' title="bbox 345 4213 1578 4305; baseline -0.001 -27"><span class='ocrx_word' id='word_1_313' title='bbox 345 4217 564 4297; x_wconf 86' lang='lat' dir='ltr'>intercapidine</span> <span class='ocrx_word' id='word_1_314' title='bbox 589 4217 824 4298; x_wconf 84' lang='lat' dir='ltr'>pronuntianda</span> <span class='ocrx_word' id='word_1_315' title='bbox 852 4227 940 4294; x_wconf 77' lang='lat' dir='ltr'>stent,</span> <span class='ocrx_word' id='word_1_316' title='bbox 973 4219 1048 4299; x_wconf 91' lang='lat' dir='ltr'>quia</span> <span class='ocrx_word' id='word_1_317' title='bbox 1079 4213 1201 4305; x_wconf 80' lang='grc' dir='ltr'>ἰοφόρον</span> <span class='ocrx_word' id='word_1_318' title='bbox 1226 4213 1385 4305; x_wconf 77' lang='grc' dir='ltr'>πρόσωπον</span> <span class='ocrx_word' id='word_1_319' title='bbox 1406 4220 1512 4282; x_wconf 80' lang='lat' dir='ltr'>indari</span> <span class='ocrx_word' id='word_1_320' title='bbox 1577 4269 1578 4304; x_wconf 32' lang='lat' dir='ltr'>p</span> 
     </span>
     <span class='ocr_line' id='line_1_38' title="bbox 344 4319 1511 4406; baseline 0 -26"><span class='ocrx_word' id='word_1_321' title='bbox 344 4319 399 4382; x_wconf 79' lang='lat' dir='ltr'>lroc</span> <span class='ocrx_word' id='word_1_322' title='bbox 427 4337 468 4380; x_wconf 70' lang='lat' dir='ltr'>ecc</span> <span class='ocrx_word' id='word_1_323' title='bbox 495 4320 623 4382; x_wconf 88' lang='lat' dir='ltr'>nocendi</span> <span class='ocrx_word' id='word_1_324' title='bbox 645 4320 854 4403; x_wconf 79' lang='lat' dir='ltr'>festinatione,</span> <span class='ocrx_word' id='word_1_325' title='bbox 885 4320 1007 4402; x_wconf 81' lang='lat' dir='ltr'>ideoque</span> <span class='ocrx_word' id='word_1_326' title='bbox 1030 4321 1117 4384; x_wconf 85' lang='lat' dir='ltr'>illam</span> <span class='ocrx_word' id='word_1_327' title='bbox 1135 4322 1268 4404; x_wconf 81' lang='lat' dir='ltr'>perfecto</span> <span class='ocrx_word' id='word_1_328' title='bbox 1290 4324 1386 4406; x_wconf 76' lang='lat' dir='ltr'>officio</span> <span class='ocrx_word' id='word_1_329' title='bbox 1407 4323 1511 4386; x_wconf 76' lang='lat' dir='ltr'>naara</span> 
     </span>
     <span class='ocr_line' id='line_1_39' title="bbox 347 4422 1509 4508; baseline 0 -24"><span class='ocrx_word' id='word_1_330' title='bbox 347 4422 522 4504; x_wconf 80' lang='lat' dir='ltr'>loquentem.</span> <span class='ocrx_word' id='word_1_331' title='bbox 569 4423 614 4484; x_wconf 86' lang='lat' dir='ltr'>sic</span> <span class='ocrx_word' id='word_1_332' title='bbox 643 4430 671 4484; x_wconf 88' lang='lat' dir='ltr'>et</span> <span class='ocrx_word' id='word_1_333' title='bbox 698 4423 731 4484; x_wconf 92' lang='lat' dir='ltr'>in</span> <span class='ocrx_word' id='word_1_334' title='bbox 759 4424 859 4504; x_wconf 79' lang='lat' dir='ltr'>primo</span> <span class='ocrx_word' id='word_1_335' title='bbox 888 4423 1002 4505; x_wconf 69' lang='lat' dir='ltr'>&amp;opido</span> <span class='ocrx_word' id='word_1_336' title='bbox 1032 4427 1130 4486; x_wconf 83' lang='lat' dir='ltr'>matri</span> <span class='ocrx_word' id='word_1_337' title='bbox 1156 4445 1216 4488; x_wconf 87' lang='lat' dir='ltr'>non</span> <span class='ocrx_word' id='word_1_338' title='bbox 1244 4427 1407 4508; x_wconf 72' lang='lat' dir='ltr'>respondit.</span> <span class='ocrx_word' id='word_1_339' title='bbox 1448 4426 1509 4486; x_wconf 84' lang='lat' dir='ltr'>haer</span> 
     </span>
     <span class='ocr_line' id='line_1_40' title="bbox 346 4524 1509 4612; baseline 0 -26"><span class='ocrx_word' id='word_1_340' title='bbox 346 4524 462 4604; x_wconf 88' lang='lat' dir='ltr'>partim</span> <span class='ocrx_word' id='word_1_341' title='bbox 484 4543 546 4585; x_wconf 93' lang='lat' dir='ltr'>non</span> <span class='ocrx_word' id='word_1_342' title='bbox 563 4527 639 4586; x_wconf 90' lang='lat' dir='ltr'>satis</span> <span class='ocrx_word' id='word_1_343' title='bbox 655 4536 789 4606; x_wconf 87' lang='lat' dir='ltr'>possunt</span> <span class='ocrx_word' id='word_1_344' title='bbox 805 4525 958 4607; x_wconf 79' lang='lat' dir='ltr'>intellegi,</span> <span class='ocrx_word' id='word_1_345' title='bbox 985 4528 1100 4606; x_wconf 89' lang='lat' dir='ltr'>partim</span> <span class='ocrx_word' id='word_1_346' title='bbox 1117 4527 1193 4592; x_wconf 81' lang='lat' dir='ltr'>falsa</span> <span class='ocrx_word' id='word_1_347' title='bbox 1209 4539 1299 4592; x_wconf 88' lang='lat' dir='ltr'>sunt:</span> <span class='ocrx_word' id='word_1_348' title='bbox 1328 4529 1509 4612; x_wconf 84' lang='lat' dir='ltr'>nequeenim</span> 
     </span>
    </p>
   </div>
   <div class='ocr_carea' id='block_1_3' title="bbox 0 0 1600 5136">
    <p class='ocr_par' dir='ltr' id='par_1_13' title="bbox 0 0 1600 5136">
     <span class='ocr_line' id='line_1_41' title="bbox 0 0 1600 5136; baseline 0 0"><span class='ocrx_word' id='word_1_349' title='bbox 0 0 1600 5136; x_wconf 95' lang='lat' dir='ltr'> </span> 
     </span>
    </p>
   </div>
  </div>
 </body>
</html>
