3156 5132
368 376 441 451 336
579 413 582 420 ’
765 394 808 454 Ex
831 413 927 456 aaran
952 396 1158 457 Bsaocrnansr.

325 593 454 645 tarecte
484 569 692 662 interpretati¹
722 602 790 644 esse
820 583 887 645 iudi
913 586 1110 667 mapistrum,
1142 602 1214 644 nam
1236 581 1357 646 addere
1379 603 1451 646 sane
1470 585 1534 644 nihil

367 686 539 748 debebant.
591 684 703 765 quodsi
733 687 881 748 litterarii
910 687 977 749 ludi
1008 689 1159 768 magister
1186 687 1313 749 Ballista
1343 688 1464 762 luisset,
1494 689 1533 748 rel

366 809 501 870 puerum
526 787 600 850 inde
623 788 746 870 aliquid
760 789 916 852 acuminis
932 791 1151 871 epigrammati
1168 809 1224 852 suo
1242 800 1440 872 recepturum
1454 790 1534 852 tuisse

365 894 556 973 putaverim.
603 900 635 953 et
658 891 786 954 videtur
800 893 926 955 Ballista
949 892 1114 973 gladiatori
1137 895 1213 955 satis
1233 895 1425 956 conveniens
1439 913 1533 956 nomen

365 1015 447 1056 esse.
494 1013 687 1076 quamquam
716 997 818 1076 siquis
841 995 925 1058 dicat
955 999 1014 1060 hoc
1037 1015 1106 1058 esse
1129 997 1261 1059 nimium
1286 1016 1415 1080 sapere,
1445 997 1534 1060 nescio

364 1117 440 1160 sane
476 1098 632 1178 quomodo
662 1119 712 1160 me
743 1098 927 1162 defendam.
981 1101 1013 1162 in
1045 1100 1251 1182 inscriptione
1281 1101 1438 1162 Canusina
1463 1099 1533 1181 apud

364 1204 590 1265 Mommsenum
613 1203 690 1264 lllN.
716 1223 749 1284 p.
768 1204 808 1264 38
833 1222 865 1264 n.
885 1203 945 1264 673
970 1204 1019 1263 Μ’.
1038 1203 1196 1283 Aquillius
1215 1205 1345 1266 Ballista
1365 1205 1475 1284 aliquis
1495 1204 1534 1263 in-

364 1308 502 1369 venitur.
1303 1325 1313 1348 ·
1373 1357 1376 1364 .

449 1413 487 1471 Χ.
513 1411 547 1471 ln
565 1410 771 1490 Fragmentis,
799 1420 832 1472 ut
856 1409 1045 1489 iurisperiti
1069 1410 1227 1490 locuntur,
1244 1411 1402 1472 Vaticanis
1419 1407 1437 1492 ᾗ
1454 1411 1531 1471 tras.

362 1513 441 1576 haec
469 1515 587 1595 scripte
609 1523 702 1592 sunt,
733 1513 873 1576 valetudo
896 1531 1010 1594 quaerre
1032 1513 1115 1574 rnala
1134 1519 1274 1594 praestat
1297 1515 1491 1590 vocationes,
1512 1513 1534 1573 ri

362 1618 432 1680 talis
455 1619 496 1680 sit
516 1624 551 1678 at
571 1617 709 1680 ostendat
730 1636 797 1679 eam
820 1636 857 1678 ne
879 1617 998 1698 paridem
1021 1615 1111 1678 rebus
1134 1618 1200 1678 suis
1215 1615 1466 1679 administrandis
1479 1615 1532 1678 ido

361 1739 451 1782 neum
466 1739 540 1784 esse.
582 1723 661 1782 item.
694 1721 864 1802 siquando
887 1719 1344 1782 autemnamsmodivoletudo
1359 1721 1528 1801 odfimnanr,

361 1826 505 1906 inspectio
532 1825 687 1906 praetoris
716 1826 893 1886 necessaria
914 1831 968 1885 est.
1015 1823 1202 1886 siccantem
1223 1823 1291 1905 ptris
1314 1822 1483 1886 arthriticus
1500 1825 1530 1884 rit

361 1929 425 1988 sive
443 1929 567 2010 posicus
589 1927 654 1990 siva
676 1928 881 2008 epilempticus
903 1927 967 1987 rive
982 1925 1075 1989 orbas
1090 1933 1119 1988 et
1132 1926 1179 1988 liis
1195 1927 1320 2006 similia,
1347 1933 1526 1989 enarrantis.

361 2050 433 2091 cum
453 2032 575 2112 posicas
598 2030 689 2092 nihili
715 2031 766 2110 sit,
785 2030 960 2110 excogitata
975 2030 1050 2091 olim
1064 2039 1139 2091 sunt
1154 2027 1307 2092 vocabula
1324 2049 1404 2110 quae
1420 2039 1528 2112 propter

361 2133 621 2214 significationem
654 2133 835 2195 morborum
865 2132 906 2193 ad
937 2134 1171 2195 excusationem
1204 2133 1336 2194 minime
1368 2133 1527 2196 idoneorum

361 2256 424 2299 non
448 2239 548 2317 magis
571 2237 647 2298 lerri
671 2237 815 2318 possunt.
864 2255 946 2298 unus
968 2237 1178 2298 Mommsenus
1201 2237 1357 2318 prompsit
1380 2245 1479 2318 aptum
1493 2237 1526 2294 rei

361 2339 559 2419 vocabulum,
582 2339 780 2423 podapricus.
807 2339 884 2401 ,sed
908 2339 982 2403 inde
1006 2358 1068 2401 non
1091 2341 1193 2421 potuit
1213 2341 1299 2404 nasci
1313 2341 1445 2422 positus.
1478 2348 1526 2398 tra-

360 2445 450 2506 iectis
477 2445 583 2525 potius
605 2443 730 2506 duabus
754 2445 868 2506 litteris
890 2441 1097 2505 scribendum
1121 2451 1169 2504 est
1190 2445 1322 2524 proteris.
1370 2444 1522 2526 Ulpianum.

361 2568 401 2610 ex
432 2549 522 2610 cuius
556 2547 638 2608 libro
671 2547 824 2627 singulari
860 2545 900 2608 de
932 2545 1188 2609 excusationibus
1219 2547 1297 2608 haec
1326 2557 1449 2628 sumpta
1475 2563 1520 2606 css

359 2653 570 2714 Mommsenus
592 2651 716 2726 docuit,
744 2650 835 2712 lacile
858 2649 987 2712 credam
1009 2651 1177 2731 scripsisse
1196 2649 1374 2732 praedicas,
1400 2661 1519 2730 excerpe

360 2755 417 2816 ista
441 2755 546 2816 minus
570 2763 655 2816 recta
678 2753 821 2815 vocabuli
845 2753 944 2816 torma
967 2773 1030 2815 non
1052 2753 1198 2816 dedecet.
1245 2752 1287 2816 dc
1301 2753 1522 2834 psoadicissatis

358 2866 405 2919 ost
434 2856 618 2920 adscribere
642 2875 724 2939 quae
748 2856 874 2920 Caelius
896 2855 1087 2919 Aurelianus
1110 2855 1206 2918 habet
1229 2856 1404 2920 Tardarum
1428 2857 1522 2939 passio

358 2981 434 3023 num
457 2963 507 3022 vl
529 2962 560 3040 6,
581 2961 723 3043 praedici
742 2979 815 3021 vero
833 2961 969 3022 alaniam
990 2959 1094 3021 dolore
1115 2959 1292 3040 affirmatur
1307 2969 1337 3022 et
1350 2961 1438 3022 tardo
1452 2965 1519 3032 mdc,

357 3071 390 3125 ut
411 3082 443 3125 se
465 3065 611 3126 renitente
633 3063 735 3126 doloro
757 3081 811 3124 nec
835 3063 985 3125 inclinare
1007 3063 1130 3125 valeant
1151 3082 1188 3124 aa
1209 3063 1361 3125 dolentius
1376 3061 1519 3145 srtbripant.

443 3169 494 3228 Xl.
526 3165 620 3248 Apud
643 3163 826 3228 Diomedem
857 3168 889 3228 in
913 3166 989 3228 Arte
1021 3166 1222 3246 grammatica
1245 3185 1278 3247 p.
1298 3168 1360 3227 tas
1379 3167 1410 3227 P.
1436 3168 1462 3227 ic
1481 3181 1522 3222 rr

357 3271 450 3332 tustis
479 3269 570 3331 libris
601 3271 677 3332 haec
707 3271 873 3349 leguntur,
906 3269 1024 3331 vocales
1052 3267 1184 3350 (versus)
1219 3278 1291 3331 sant
1319 3273 1374 3352 pai
1394 3271 1450 3331 alte
1466 3287 1522 3348 prc-

355 3373 448 3435 daeta
473 3375 635 3436 clamatione
657 3373 834 3436 sonantibus
857 3373 966 3435 litteris
987 3375 1166 3434 nniversam
1189 3372 1346 3434 dictionem
1369 3374 1521 3434 intrabant.

354 3485 389 3538 at
417 3486 461 3540 est
492 3477 568 3539 iliad
595 3479 726 3558 paeonio
748 3495 809 3538 non
831 3495 894 3537 meo
917 3495 1026 3538 oceano
1049 3475 1194 3557 hyporien
1212 3475 1352 3558 selporat
1374 3497 1460 3539 earo:
1484 3493 1520 3534 se·

355 3590 471 3643 cuntur
500 3590 566 3642 tres
595 3582 648 3642 alii
679 3599 803 3642 versus.
851 3580 906 3660 qui
929 3581 1002 3640 olim
1028 3581 1084 3641 hos
1107 3589 1256 3660 quattuor
1278 3599 1391 3643 versus
1413 3577 1519 3642 Varroni

316 3739 320 3748 .
354 3685 485 3745 Atacino
513 3684 729 3746 attribuerunt
751 3684 965 3762 neglexerunt
985 3683 1035 3744 vel
1060 3684 1246 3763 ignorarunt
1268 3686 1375 3764 potius
1396 3683 1519 3762 antiquo

354 3806 425 3848 rum
449 3787 679 3868 exemplarium
702 3787 841 3865 litteras,
873 3785 991 3867 quibus
1013 3785 1100 3847 aliud
1124 3805 1239 3848 nomen
1263 3788 1418 3849 contineri
1440 3785 1519 3847 mani-

354 3889 470 3952 festum
494 3901 552 3952 εει.
601 3892 707 3971 itaque
731 3891 887 3952 llonricus
911 3890 1031 3952 Keilius
1053 3892 1161 3971 posuit
1181 3889 1266 3970 quod
1290 3909 1349 3970 ego
1371 3906 1517 3961 suaseram,

352 4001 385 4054 nt
408 4003 451 4055 est
473 3994 551 4056 iliud
574 3995 778 4056 Paconianum
801 3995 860 4055 Eoo
877 3994 994 4054 Oceano
1011 3995 1165 4074 Hyperion
1183 3991 1328 4076 sulpurei
1349 3995 1437 4055 Baro.
1472 3991 1516 4051 ini·

352 4096 431 4158 tium
460 4098 608 4159 versiculi
640 4099 741 4178 siquis
763 4097 856 4158 aliter
880 4098 1073 4175 restituerit,
1106 4116 1167 4158 non
1193 4096 1395 4177 repugnaba;
1427 4111 1514 4176 quam·

352 4219 447 4280 quam
477 4221 519 4264 ne
548 4220 633 4264 nunc
656 4201 787 4282 quidem
810 4202 879 4261 veri
902 4199 1057 4262 dissimile
1081 4199 1181 4261 habeo
1205 4200 1291 4280 quod
1313 4201 1433 4282 scripsi.
1471 4191 1512 4256 sal

350 4315 463 4386 poetae
487 4323 603 4367 nomen
625 4325 676 4367 me
699 4315 784 4366 recte
807 4303 992 4366 adsecutum
1017 4323 1087 4365 esse
1111 4313 1197 4384 puto,
1224 4306 1286 4365 nisi
1309 4303 1394 4384 quod
1415 4298 1511 4380 sinpli-

351 4407 419 4469 oius
448 4427 485 4469 ac
515 4409 633 4470 rectius
661 4409 860 4489 scripsissem
894 4409 1068 4469 Paconiani.
1117 4406 1229 4469 videor
1257 4409 1345 4470 enim
1373 4407 1443 4467 mibi
1466 4405 1509 4462 iam

350 4530 443 4592 posse
472 4511 586 4574 dooere
615 4512 688 4593 quis
717 4512 771 4574 ille
801 4509 896 4574 luerit
927 4511 1133 4572 Paconianus.
1185 4512 1310 4573 Tacitus
1339 4509 1380 4572 ab
1405 4521 1507 4571 excesu
