3152 5128
350 413 394 478 tta
415 433 487 476 rme
509 436 527 474 A
550 431 745 478 mucosum
769 431 922 476 ancirano.
1154 398 1225 473 271

63 609 142 660 oerte
167 601 299 664 hilianns
328 603 359 664 in
383 603 576 666 Caesaribus
603 623 635 684 p.
654 597 732 664 3⁴8*d
754 605 908 666 Memorio
934 621 992 664 suo
1019 602 1079 666 hoe
1099 619 1233 681 ‚praeeo-

64 702 144 762 ninm
166 703 289 766 tribuit:

362 798 452 894 ἄρχιι
474 806 528 892 μὲν
551 803 633 893 ἀμὸν
655 810 711 872 τῶν
733 807 900 874 καλλίστων

362 903 465 976 ἄθλιον
486 911 607 996 ταμίας,
632 907 735 997 καιρὸς
756 907 791 980 δὲ
812 911 900 976 καλοῖ

361 1014 467 1098 μηκέτι
489 1016 620 1100 μέλλειν.

58 1115 251 1179 manifestum
275 1127 324 1182 est
344 1113 424 1184 τοόδα
445 1119 598 1184 aGaleno
621 1129 897 1184 commemoratum
912 1119 1146 1199 anapaestieum
1162 1136 1233 1180 esse

57 1229 189 1298 systema
211 1221 292 1300 quod
322 1222 385 1284 iliis
408 1234 495 1286 certe
518 1223 653 1290 sesuulis
675 1241 848 1303 praecones
870 1223 903 1284 in
927 1221 1100 1302 Olympieis
1122 1220 1233 1282 aliisve

58 1321 134 1384 ludis
155 1341 266 1404 magna
287 1344 364 1386 voee
389 1336 421 1388 et
441 1325 579 1392 πλεῖστον
602 1327 769 1411 φωνοῦντες
792 1325 979 1392 reeitahent.
1026 1322 1105 1390 titud
1129 1323 1233 1386 minus

56 1423 201 1504 adparet,
230 1429 285 1508 qni
307 1429 425 1492 iactum
449 1430 501 1508 sit,
526 1440 561 1491 ut
584 1429 738 1494 eiusmodi
760 1430 921 1510 anapaesti
942 1421 1016 1499 πούς
1038 1427 1089 1490 vei
1110 1419 1233 1509 ἐναρί-

56 1549 111 1597 νιος
131 1523 206 1600 τοιίς
225 1531 423 1596 dicerentur.
471 1543 569 1596 restat
592 1534 690 1614 igitur
712 1543 747 1595 ut
770 1534 828 1596 hoe
850 1532 1057 1613 explicemus.

135 1632 260 1696 Constat
275 1633 412 1700 Graecos
432 1656 472 1698 ea
493 1635 654 1700 vocabulis
664 1655 750 1717 quae
767 1637 800 1697 in
815 1636 916 1696 initiis
930 1635 1105 1697 carminum
1121 1631 1233 1696 audie-

57 1733 166 1796 bantur
187 1747 241 1800 aut
263 1757 398 1818 quorum
422 1740 592 1820 praecipua
616 1749 684 1802 erat
706 1740 739 1802 in
762 1739 868 1819 aliquo
886 1739 1026 1802 carmine
1042 1739 1091 1798 vis
1105 1739 1233 1798 nomina

57 1836 163 1900 iecisse
191 1859 298 1903 eorum
326 1843 513 1910 carminum.
560 1843 677 1906 soolion
700 1842 780 1906 illud
802 1841 971 1906 callistrati
995 1839 1080 1920 qaod
1102 1841 1234 1902 Harmo-

57 1940 135 2002 dium
159 1943 340 2008 eelebrahat
358 1939 378 2010 ὁ
394 1939 553 2030 Ἁρμόδιος
575 1945 692 2012 dieitur
713 1945 755 2008 ah
769 1944 979 2025 Aristophane
993 1945 1032 2006 in
1048 1942 1234 2004 Acharneu-

56 2043 134 2106 sihns
156 2065 189 2106 κ.
208 2049 288 2108 980:
314 2043 385 2112 οὐδὲ
405 2043 478 2134 παρ’
506 2047 575 2133 ἐμοί
592 2071 663 2114 ποτε
685 2043 735 2114 τὸν
752 2042 907 2132 Ἁρμόδιον
930 2038 1046 2132 ᾄσεται.
1086 2046 1233 2108 similiter

58 2145 170 2210 loeutus
193 2161 240 2212 est
259 2151 456 2234 Antiphanes
471 2153 620 2234 diplasiis
642 2151 728 2234 apud
743 2152 940 2216 Athenaeum
956 2169 984 2212 ιι
1007 2171 1039 2232 p.
1059 2150 1153 2210 5030:
1179 2146 1234 2234 ἔχε

56 2246 95 2312 τὸν
110 2246 203 2337 ᾠδόν,
216 2249 362 2338 λάμβανε.
396 2247 527 2322 Ἔπειτα
543 2253 635 2339 prdit
650 2257 709 2320 τῶν
725 2251 987 2341 ἀπηρχαιωμένων
999 2247 1118 2318 Τοιίταν
1134 2247 1232 2336 περοί-

57 2377 111 2437 ορς,
136 2351 188 2418 τὸν
205 2353 374 2442 Τελαμῶνα
396 2356 475 2442 μηδὲ
495 2354 545 2424 σὸν
560 2356 691 2426 Παιῶνα
714 2354 784 2442 μηδ’
798 2352 965 2443 Ἁρμόδιον.
1004 2353 1233 2427 parthenios<

57 2459 140 2520 etiam
163 2461 216 2522 vei
233 2458 365 2532 Παιᾶνις
388 2473 557 2544 propterea
577 2461 769 2526 dicebantur
791 2462 930 2524 earmina
949 2459 1037 2541 quod
1053 2453 1158 2524 Παιών
1181 2460 1232 2522 vel

57 2556 146 2624 Παιάν
175 2564 208 2626 in
239 2565 288 2626 eis
310 2564 487 2628 identidem
511 2566 731 2644 invocabatur,
763 2559 910 2648 Τελαμών
932 2575 1036 2628 eutem
1059 2564 1175 2626 soolion
1195 2565 1231 2630 in

56 2661 170 2728 laudern
184 2666 291 2730 Aiacis
303 2669 480 2732 Telamonis
496 2670 551 2732 filii
568 2669 695 2735 faetum-
731 2670 836 2750 pantio
851 2669 945 2736 aliter
959 2668 1100 2748 loquitur
1110 2666 1232 2730 Aristo-

56 2769 165 2845 phanes
186 2774 259 2852 Lys.
286 2791 316 2834 v.
338 2774 430 2852 4236,
456 2767 519 2840 νυνί
540 2767 569 2838 δ’
596 2765 704 2836 ἅπαντ’
729 2763 874 2856 ἤρεσκεν·
906 2764 978 2836 ὥστ’
1006 2770 1033 2832 εἰ
1051 2768 1109 2853 ,μέν
1132 2768 1166 2852 γέ
1187 2793 1231 2842 τις

50 2859 128 2936 'Arioi
143 2870 336 2956 Τελαμῶνος,
364 2869 570 2961 Κλειταγόρας
592 2867 675 2961 ᾄδειν
689 2876 771 2951 δέον,
793 2869 999 2959 Ἐπρνίσαμσν
1015 2864 1051 2936 ἂν
1066 2869 1119 2936 καί
1132 2895 1231 2959 προσ-

55 2971 291 3060 ιτιυρκήσαμινε
324 2979 575 3060 intellegendum
602 2990 652 3044 est
680 2980 766 3043 enim
788 2975 968 3061 Τελαμῶνος
988 2975 1091 3059 pita.
1138 2977 1231 3043 soto-

56 3077 153 3142 iiestae
182 3079 228 3141 ibi
256 3081 336 3142 haee
367 3092 416 3144 est
444 3082 621 3163 adnotatio,
653 3079 844 3165 Τελαμῶνος.
893 3074 973 3166 ἀρχή
1002 3103 1081 3151 τινος
1111 3077 1230 3144 σκολίυο

58 3177 478 3271 ίίίαῖΤιλαμῶνυςαίχμητάξ
488 3181 557 3272 περί
571 3177 607 3250 οὗ
623 3180 791 3268 δεδήλωται
802 3177 874 3268 ἤδη.
900 3184 1057 3264 Bergkius
1068 3184 1230 3247 inMeine-

57 3283 92 3342 hii
107 3286 239 3350 Comiois
261 3297 284 3348 t.
303 3307 326 3350 u
348 3309 379 3370 p.
402 3291 481 3352 ⁴290
506 3279 566 3352 ἰΙΙοΙ
587 3283 656 3374 ιτιρί
677 3280 712 3352 οὗ
728 3281 896 3371 δεδήλωται
910 3279 970 3372 ἤδη
986 3307 1023 3352 eo
1037 3287 1181 3350 abutitur
1195 3297 1289 3350 ntttt

58 3386 83 3448 in
110 3390 233 3469 perdita
262 3391 368 3472 aliqua
389 3390 610 3474 Aristophanis
637 3391 798 3458 oomoedia
820 3392 906 3454 seolii
930 3391 1015 3459 illius
1039 3392 1229 3456 mentionem

60 3487 157 3554 iactam
189 3513 261 3556 esse
291 3494 391 3558 dicat:
426 3496 502 3576 sed,
534 3497 619 3578 quod
648 3495 689 3558 ab
711 3496 781 3557 aliis
802 3497 866 3558 iem
888 3494 1146 3559 animadversum
1168 3505 1226 3574 est,

60 3595 232 3660 scholiastes
254 3597 295 3660 ad
319 3617 355 3662 ee
378 3601 508 3681 respicit
529 3619 611 3681 quae
633 3599 674 3664 ed
689 3598 941 3665 Acharnensium
964 3617 1091 3666 versum
1108 3597 1229 3662 adseri-

60 3709 166 3780 pserat,
198 3695 249 3764 τὸν
266 3695 423 3787 Ἁρμόδιον
452 3693 574 3788 ᾅσεται·
605 3703 638 3770 ἐν
660 3702 725 3775 ταῖς
746 3704 805 3768 τῶν
827 3695 925 3768 πότων
948 3698 1083 3773 συνόδοις
1105 3691 1179 3786 ᾖδον
1201 3723 1230 3764 τι

59 3798 135 3878 μέλος
149 3797 311 3888 Ἁρμοδίου
326 3799 525 3890 καλοίμοναν,
549 3797 585 3870 οὗ
604 3800 624 3890 ἡ
642 3800 722 3892 ἀρχή
748 3799 894 3870 ‘dhaet’
915 3797 1050 3890 Ἁρμόδι’
1075 3793 1111 3869 οὔ
1130 3801 1157 3867 τί
1171 3827 1228 3868 που

59 3901 208 3989 τίίνηωςῖ
256 3897 330 3992 ᾖδον
342 3899 387 3972 ’δὲ
408 3903 482 3973 αιἰτὸ
505 3909 548 3981 εἰς
564 3904 720 3994 Ἁρμόδιον
736 3907 788 3974 καί
800 3904 1040 3994 Ἀριστογείτονα,
1066 3902 1107 3980 ὡς
1123 3907 1228 3993 κοίλῃ-

60 4003 171 4088 ipsios<
192 4006 248 4095 τήν
269 4017 328 4076 τῶν
350 4009 603 4098 Πεισιστρατιδῶν
623 4011 793 4098 τυραννίδα.
838 4003 876 4096 ἦν
898 4009 932 4076 δὲ
953 4007 1005 4076 καί
1025 4010 1114 4096 ἕτερα
1136 4010 1224 4096 μέλη,

60 4105 85 4172 τὸ
104 4111 152 4195 μὲν
170 4109 319 4200 Ἀδμήτου
341 4111 514 4201 λεγόμενον,
537 4113 571 4182 τὸ
595 4115 627 4181 δὲ
643 4114 833 4201 Τελαμῶνος.
881 4117 1043 4198 pergimus
1059 4115 1227 4180 eiusmodi

61 4219 207 4286 notititiam
230 4221 375 4302 exempla
398 4240 582 4302 ‹tongerere
630 4217 811 4292 Καλλίνικος
833 4218 999 4286 dioehatur
1021 4239 1149 4284 carmen
1164 4239 1226 4300 quo

56 4307 191 4406 Ἡρακλῆς
205 4321 376 4396 καλλίνικος
392 4323 577 4390 canebatur.
617 4326 724 4406 itaque
739 4323 910 4406 Euripides
926 4325 1017 4388 Here.
1036 4324 1097 4386 fur.
1115 4342 1147 4383 v.
1164 4321 1224 4384 tte

61 4439 118 4484 tum
144 4425 222 4489 dioit
248 4421 300 4490 σὸν
330 4425 500 4500 καλλίνικον
530 4423 706 4512 possidetis
734 4421 887 4511 ἐκώμασεν
909 4427 976 4492 iere
994 4425 1110 4490 eodem
1132 4425 1225 4490 modo

62 4521 261 4610 loquiturque
277 4533 378 4594 utitur
392 4552 424 4593 κ.
441 4533 516 4612 678,
534 4529 578 4596 ἔτι
591 4527 646 4596 τὰν
656 4525 841 4616 Ἡρακλέους
856 4528 1026 4596 καλλίνικον
1042 4524 1145 4603 detto,
1167 4528 1222 4594 ubi

965 4651 1019 4702 18*
