3178 5136
564 423 569 430 ·
589 387 693 449 Varro.
1157 369 1231 442 499

64 571 151 640 dado
172 576 285 662 ἐριοτῖιν
307 573 336 638 τί
357 579 417 661 χρῆ
438 573 544 654 ποιεῖν,
570 571 621 637 ιιαί
644 568 697 636 tao
720 568 915 658 ἀποκρίνηται
937 561 1019 656 adria
1038 570 1177 636 ἐκδοῦναι
1191 575 1234 658 τῷ

63 679 217 765 camut-p
240 671 423 765 ἀπιρράψαι,
448 673 488 762 μὴ
510 675 668 763 προαίχειν
690 670 819 756 τούτοις,
846 669 912 738 ἀλλ’
941 668 1117 759 ἀποτραπεὶς
1140 669 1233 738 tati-

63 782 176 846 oaebrc.
226 781 432 844 scribendum
468 799 537 844 esse
570 773 760 844 ίιιθιίεαοίίαι
792 780 914 859 primus
946 777 1026 840 vidit
1055 779 1235 858 Stephanus

63 882 250 962 bemardus‚
291 884 426 965 perfecit
459 881 713 946 emendationem
747 874 924 965 ἀποτραπεὶς
957 881 990 942 in
1025 874 1235 965 ἀποτροπαίοις

64 997 170 1050 ιιιιιιιιιο
191 985 451 1066 wyttenbachius
473 985 631 1048 Plutarchi
655 994 678 1046 t.
696 1002 725 1044 rr
748 1002 780 1064 p.
800 984 873 1044 93l.

139 1090 183 1150 lle
205 1089 363 1169 capitose
388 1089 536 1170 conplura
559 1086 640 1149 dixit
662 1086 813 1148 Curarius
835 1087 868 1146 in
890 1083 1022 1148 Asinum
1045 1104 1077 1164 p.
1097 1085 1169 1146 243.
1195 1105 1234 1148 ox

65 1191 171 1272 quibus
192 1189 318 1270 profero
341 1209 423 1270 quae
445 1189 561 1271 probo:
587 1208 660 1250 nam
683 1189 759 1250 baec
782 1207 908 1268 quoque
926 1189 1021 1268 vulgo
1036 1188 1232 1268 ignorantur.

65 1295 186 1356 mutavit
208 1294 305 1373 igitur
325 1290 456 1356 baoarios
478 1293 537 1356 τῶν
560 1288 675 1356 οἰκείων
699 1291 732 1353 in
755 1287 887 1354 ἐναντίον
909 1293 967 1353 τῶν
989 1289 1122 1354 οἰκετῶν.
1168 1300 1235 1354 tum

65 1390 175 1479 ἀςὴδιί
196 1395 260 1458 ἐστι
282 1415 344 1476 quo
367 1398 524 1478 pertineat
545 1395 725 1457 acutissime
748 1395 927 1474 perspexit,
959 1394 1109 1456 nimirum
1136 1393 1237 1474 signi-

67 1500 144 1560 ficari
171 1499 393 1580 pervulgatum
415 1499 607 1561 versiculum
629 1495 791 1576 Euripidis
813 1487 853 1567 ui<
874 1490 932 1579 ἡδύ
954 1519 1000 1560 τοι
1021 1494 1157 1558 σωθέντα
1179 1517 1237 1578 με·

66 1601 187 1684 μνῆοίίαι
200 1595 299 1664 πόνων
319 1601 362 1681 (in
378 1601 506 1663 Nauckii
522 1602 613 1680 Trag.
631 1601 684 1662 Gr.
703 1599 742 1660 lr.
761 1619 793 1680 p.
812 1599 900 1680 atr).
941 1617 978 1659 eo
997 1608 1103 1662 autem
1120 1600 1238 1660 erravit

66 1703 204 1766 Curerius
234 1703 320 1785 quod
351 1704 428 1766 lalsa
456 1701 610 1764 librorum
634 1701 905 1780 Plutarcbeorum,
937 1701 969 1761 in
1000 1699 1117 1780 quibus
1138 1723 1167 1762 τι
1187 1694 1237 1764 τὸν

65 1815 120 1884 est,
156 1806 313 1886 scriptura
348 1805 501 1887 deceptus
533 1823 638 1884 neque
665 1803 705 1866 ad
735 1806 869 1884 tragicos
896 1822 1044 1867 numeros
1069 1802 1239 1865 attendens

65 1901 100 1978 ὡς
120 1902 176 1990 ἡδύ
197 1931 227 1971 τι
248 1911 392 1988 scripsit:
419 1906 557 1970 debebat
579 1900 620 1976 ὡς
642 1899 701 1990 ἡδύ
716 1928 772 1968 τοι.
812 1906 975 1985 Ussingius
991 1905 1145 1986 quomodo
1161 1907 1238 1968 baec

64 2029 93 2070 se
112 2029 237 2073 sanasse
260 2019 351 2090 putet
374 2021 529 2090 quaerant
552 2010 607 2088 qui
631 2007 831 2070 mirabilibus
847 2006 1055 2072 delectantur.
1103 2007 1160 2070 sed
1177 2008 1239 2070 Gu-

64 2113 129 2173 rerii
150 2111 209 2191 ope
234 2112 388 2174 babemus
411 2115 472 2174 iam
495 2111 756 2192 depravatissima
780 2111 878 2172 verba
902 2130 941 2171 ex
964 2120 1053 2202 parte
1069 2112 1113 2172 ita
1129 2129 1239 2171 emen-

65 2212 143 2294 data,
167 2212 220 2278 καί
241 2213 393 2299 ἐριοτῆοαι
415 2211 448 2276 δὲ
471 2207 566 2283 δεινὸς
589 2209 720 2275 ἐναντίον
743 2214 802 2275 τιῖιν
826 2212 947 2276 οἰκετῶν
973 2209 1092 2290 “είπον,
1118 2205 1237 2296 μάμμη,

65 2309 103 2378 ἀπ’
134 2308 238 2388 ὤδινες
267 2311 317 2378 καί
348 2314 458 2386 ἔτικτές
487 2339 524 2399 με
552 2313 594 2386 τίς
622 2310 767 2400 ἡμέρα;”
796 2311 848 2378 καί
876 2309 948 2399 ὑπὲρ
972 2310 1064 2400 αὐτῆς
1087 2313 1119 2378 δὲ
1142 2315 1239 2400 λέγειν

67 2412 124 2489 “rba
145 2413 202 2502 ἡδύ
224 2419 293 2483 τοι”
316 2413 367 2482 καί
389 2411 545 2504 ἀμφότερα
568 2415 602 2480 δὲ
624 2413 678 2481 οὐκ
699 2415 809 2504 ἔχοντα
831 2410 865 2480 οὐ
887 2411 987 2502 ρᾴδιον
1004 2407 1161 2503 ἄνθρωπον
1177 2421 1238 2482 λα-

67 2519 131 2602 βεῖν.
176 2523 287 2602 scripsi
319 2517 419 2600 εἶπον,
452 2540 532 2601 quae
562 2524 740 2601 imperativi
772 2519 868 2581 forma
896 2539 957 2580 non
981 2519 1115 2582 dedecet
1138 2523 1238 2583 Theo-

68 2623 238 2702 phrastum,
270 2624 388 2686 nedum
417 2625 502 2685 bunc
530 2624 732 2704 scriptorem:
766 2625 799 2684 in
822 2621 901 2682 libro
925 2623 1062 2683 Palatino
1084 2618 1168 2685 εἴποο
1191 2635 1239 2685 est

68 2735 96 2785 et
120 2745 210 2806 supra
240 2749 276 2788 ou
298 2725 493 2806 adscriptum
516 2747 563 2811 ep:
601 2725 743 2788 iecerunt
766 2723 840 2786 inde
864 2723 928 2786 εἰπέ
951 2735 983 2784 et
1005 2721 1069 2786 είπί
1092 2718 1137 2788 ου’.
1187 2726 1237 2788 illa

67 2824 114 2888 ναί
133 2823 287 2914 ἀμφότερα
310 2824 343 2889 δὲ
364 2820 420 2889 oda
441 2825 552 2912 ἔχοντα
574 2822 609 2890 οὐ
633 2822 735 2911 ῥᾴδιον
758 2819 915 2910 ἄνθρωπον
933 2825 1046 2910 λαβεῖν,
1072 2839 1238 2907 postquam

68 2923 106 2998 ὡς
125 2923 179 3012 ἡδί
201 2953 247 2992 τοι
270 2933 449 2992 restitutum
472 2941 505 2993 et
527 2932 716 3011 explicatum
741 2939 798 3009 est,
824 2947 887 2990 non
910 2927 1128 2992 dubitabimus
1150 2931 1238 2990 simi-

69 3030 134 3092 liter
148 3037 250 3095 tritam
266 3034 403 3113 aliquam
419 3037 608 3096 sententiam
625 3035 797 3096 continere.
829 3049 910 3112 quae
925 3031 996 3092 talis
1011 3032 1107 3094 luisse
1124 3043 1236 3113 potest,

306 3129 473 3219 ἀμφότερον
497 3130 594 3219 εὖρεῖν
617 3128 789 3220 εὐτυχοῦντ’
816 3128 851 3197 od
875 3127 976 3217 ῥᾴδιον

308 3228 478 3322 ἄνθρωπον.

69 3355 135 3398 nam
162 3340 262 3424 λαβεῖν
292 3342 440 3402 vitiosum
470 3359 540 3402 esse
569 3339 707 3402 videtur.
754 3359 835 3418 quae
865 3339 927 3402 duo
956 3340 1007 3402 illa
1037 3341 1101 3400 sint
1124 3339 1240 3420 quibus

69 3440 154 3505 simul
176 3443 250 3506 lelix
274 3445 365 3504 borao
388 3461 450 3504 non
474 3442 565 3505 facile
589 3445 724 3523 reperiri
748 3441 865 3504 dicitur
887 3462 949 3503 non
972 3442 1119 3504 decerno.
1167 3463 1241 3524 pos-

70 3554 137 3606 sunt
156 3547 244 3626 plura
268 3547 397 3627 eogitari
421 3555 492 3626 apta
515 3557 636 3608 tantum
659 3553 811 3624 quantum
836 3563 916 3624 quae
940 3543 1133 3607 describitur
1149 3539 1241 3628 ἀηδία

70 3649 224 3722 permittit.

148 3752 205 3812 LX.
236 3752 272 3812 ln
302 3751 436 3830 epistula
469 3767 563 3830 quam
591 3749 740 3810 blartialis
774 3748 855 3811 libro
887 3749 1027 3811 secundo
1061 3753 1242 3830 praeposuit

71 3849 324 3915 Schneidewinus
346 3854 472 3933 scripsit
494 3851 579 3914 video
601 3871 697 3932 quare
719 3851 856 3933 tropoedi
876 3859 965 3933 otqae
986 3853 1118 3914 comoedi
1131 3855 1241 3934 epoto-

72 3949 129 4011 ίοτι
147 3957 304 4036 occipiunt,
328 3953 436 4036 ριιίίιιιε
455 3973 514 4035 pro
537 3973 568 4016 so
591 3955 672 4035 loqui
692 3973 752 4014 ooo
775 3954 859 4016 licet:
884 3957 1104 4036 epiprommoto
1118 3957 1242 4017 morione

71 4071 128 4114 noo
147 4066 227 4138 eperat
245 4066 275 4120 et
296 4065 433 4120 mateola
447 4065 519 4120 tuat
532 4075 591 4118 aon
605 4057 721 4138 ίίαριια.
767 4057 799 4116 io
814 4074 1001 4138 pacatamque
1012 4059 1129 4138 popina
1143 4059 1242 4120 αιἐιιοι

72 4161 116 4216 eet
134 4161 280 4238 ορίείοίονιι
297 4159 427 4240 fecittot
474 4159 553 4240 fugit
575 4177 647 4221 eum
670 4159 759 4220 ratio.
800 4177 872 4220 nam
895 4177 1000 4238 neque
1016 4159 1155 4241 intellegi
1173 4171 1242 4240 pot-

73 4267 119 4318 est
145 4279 217 4340 quas
244 4263 395 4343 epistulas
422 4261 562 4342 tragoedi
592 4260 773 4323 concedive
795 4262 951 4341 accipiant
973 4279 1078 4341 neque
1100 4261 1241 4343 tragoedi

73 4369 126 4419 aut
147 4364 278 4427 comoedi
302 4374 388 4426 recte
403 4373 605 4444 opponuntur
620 4365 864 4446 epigrammatis.
904 4365 1011 4444 itaque
1026 4383 1132 4444 neque
1147 4385 1242 4446 qttore

74 4465 200 4542 tropoedi
210 4474 296 4548 utque
307 4455 442 4530 comoedi¹
455 4465 531 4528 lerri
548 4475 649 4548 potest
660 4485 766 4546 neque
778 4465 863 4546 quod
874 4467 1019 4548 plerique
1031 4465 1104 4528 libri
1121 4466 1238 4530 habere
1249 4487 1276 4533 ιι
