3182 5132
357 391 430 465 398
754 406 796 466 Ex
819 425 914 468 nnana
939 407 1145 468 Bnaonmnusr.

355 597 440 657 enim
464 606 565 677 potest
587 592 728 656 dubitari
748 596 825 675 quin
843 595 1064 675 intempestiva
1081 592 1261 657 tabularum
1276 599 1422 658 memoria
1436 595 1513 658 libra-

355 699 438 761 rium
467 696 715 779 perturbaverit.
762 695 961 777 probabilius
983 697 1055 758 aliis
1077 699 1223 760 Davisius
1245 698 1443 762 scribendum
1462 717 1514 760 essa

356 803 489 863 coniecit
512 795 603 884 ἁγναί
623 823 655 864 τε
677 796 730 863 καὶ
753 799 876 880 δίκαιαι,
903 799 959 862 sed
982 820 1023 863 ne
1046 800 1104 862 hoc
1120 801 1252 882 quidem
1267 803 1336 864 veri
1351 805 1422 865 satis
1435 804 1516 864 simile

357 916 415 967 est.
462 901 579 976 δίκαιαι
600 904 731 985 quidem
754 903 868 985 placet,
896 902 981 984 quod
1004 904 1036 964 in
1054 901 1161 988 Δίρκαι
1182 909 1298 967 mutari
1322 906 1516 986 proclivearat

357 1019 523 1090 postquam
547 1009 637 1090 prius
660 1005 848 1069 vocabulum
873 1009 904 1068 in
920 1006 1098 1069 Danaidum
1121 1026 1236 1070 nomen
1253 1007 1450 1089 depravatum
1463 1019 1515 1071 est:

299 1127 346 1178 tto
357 1113 414 1175 sed
436 1111 641 1174 scribendum
659 1098 735 1174 essel
752 1111 897 1191 suspicor
912 1104 962 1172 διὰ
978 1111 1067 1193 ζῆλος
1084 1109 1264 1196 διωχθεῖσαι
1277 1113 1420 1196 γυναῖκες,
1442 1107 1517 1195 ἀμνί-

355 1217 403 1287 δες
433 1213 563 1289 δίκαιαι,
597 1212 760 1297 αἰκίσματα
792 1207 876 1277 δεινὰ
903 1209 954 1274 καὶ
984 1206 1091 1276 ἀνόσια
1112 1213 1277 1278 παθοῦσαι.
1324 1234 1384 1277 non
1406 1216 1517 1278 multun

355 1322 439 1381 iuter
468 1339 502 1381 se
532 1319 709 1379 litterarum
739 1319 845 1398 specie
876 1317 1030 1379 differunt
1058 1312 1244 1380 ΑΜΝΙΔΕΣ
1272 1329 1304 1380 et
1326 1313 1515 1383 annulli-32.

355 1423 502 1485 Clemens
524 1420 761 1483 Alexandrinus
784 1423 884 1490 Protr,
910 1417 1005 1502 §tta
1029 1441 1062 1501 p.
1083 1421 1123 1482 92
1139 1423 1171 1482 P.
1206 1421 1238 1484 αἱ
1266 1425 1319 1485 τοῦ
1349 1421 1417 1486 daei
1438 1421 1518 1506 θυμ-

353 1525 455 1611 τέμες,
490 1524 521 1588 el
551 1519 682 1608 ἀμνάδας
705 1523 737 1586 αἱ
760 1521 861 1586 καλαί.
908 1522 948 1585 ad
972 1522 1107 1586 eandem
1130 1527 1384 1606 conparationem
1406 1527 1517 1608 pertinet

355 1629 440 1710 quod
465 1630 639 1710 Hesychius
662 1627 758 1690 habet
779 1620 922 1710 ἀμνάδας,
948 1625 1138 1712 παμδέναυς.·,
1174 1620 1194 1712 ἢ
1217 1622 1365 1713 πρόβατα.

441 1733 527 1795 LXV.
559 1730 655 1814 Apud
676 1724 842 1793 Boethium
867 1730 946 1791 Phil.
972 1749 1058 1792 cons.
1078 1734 1141 1792 ινδ
1164 1732 1242 1792 haec
1265 1733 1359 1813 vulgo
1381 1733 1516 1814 leguntur.

354 1844 399 1898 eat
421 1837 502 1897 olias
525 1838 640 1897 cunctis
663 1833 826 1897 vitrearium
850 1831 1006 1896 absolutos
1029 1842 1211 1916 sanetusque
1233 1855 1269 1897 oe
1291 1835 1346 1896 deo
1359 1838 1518 1917 prociona:

354 1941 433 2002 hoec
462 1941 594 2022 coetinpi
618 1937 797 2022 quibuslibet
819 1937 960 1999 adversis
982 1937 1070 2019 nefas
1089 1937 1286 2020 providentio
1307 1940 1436 2018 iudicet,
1463 1940 1519 2001 aie

354 2051 387 2105 ut
409 2063 446 2104 ne
469 2044 622 2124 corporeis
645 2041 764 2124 quidem
787 2040 900 2102 morbis
924 2043 1039 2124 opilari
1060 2044 1152 2103 ciaet.
1199 2061 1283 2118 nom,
1308 2050 1343 2104 at
1357 2041 1469 2123 paidom
1486 2063 1519 2104 oe

354 2165 467 2228 quoque
495 2145 690 2208 eccellentior
719 2146 779 2222 ait,
813 2138 918 2229 ἀνδρὸς
950 2143 1030 2229 ἱεροῦ
1061 2147 1150 2229 σῶμα
1174 2138 1315 2228 δυνάμεις
1338 2146 1516 2230 οἰκοδομοῦσι.

356 2249 412 2312 sed
435 2249 554 2311 Graeca
577 2248 675 2311 verba
699 2249 744 2309 sie
766 2249 882 2329 scripta
906 2246 1044 2309 suntab
1067 2248 1173 2335 aliquo
1195 2249 1324 2311 homine
1347 2253 1402 2331 qui
1425 2252 1520 2313 litteras

355 2351 472 2415 codicis
494 2354 556 2431 sui,
582 2369 661 2432 quas
684 2370 745 2412 non
770 2359 892 2432 poterat
916 2362 1001 2412 recte
1017 2353 1236 2432 interpretari,
1261 2363 1383 2415 temere
1399 2357 1518 2416 mutavit.

355 2458 550 2519 noviciorum
573 2453 728 2517 librorum
753 2455 872 2516 litteras
887 2473 1122 2518 conmemorare
1137 2455 1218 2516 nihil
1233 2457 1359 2518 attinet.
1398 2478 1435 2520 ex
1448 2457 1520 2518 libris

355 2560 499 2639 duobus,
530 2578 592 2621 nno
615 2559 736 2619 Thuani
763 2567 794 2619 et
816 2558 915 2619 altero
937 2557 1148 2620 bibliothecae
1171 2577 1197 2620 s.
1222 2561 1376 2638 Victoris,
1407 2563 1520 2624 Renatus

354 2664 496 2726 Vallinns
527 2665 603 2723 haee
631 2661 763 2742 protulit
786 2657 949 2727 ANAPOO
973 2656 1160 2724 ΔΗΥΕΡΟΥ
1183 2658 1402 2728 hareflPEc
1423 2657 1518 2728 0le-

355 2763 560 2844 AOMchN,
592 2764 785 2847 quibuscum
813 2768 972 2846 conspirat
1002 2775 1094 2826 vetus
1122 2765 1220 2828 codex
1249 2764 1456 2830 bibliothecae
1474 2767 1520 2828 Ge

354 2873 480 2933 thanac.
526 2869 669 2950 pleniora
691 2868 833 2931 Vallinus
864 2871 896 2930 in
927 2871 1106 2949 antiquiore
1130 2871 1252 2932 Thuani
1276 2871 1384 2932 codiee
1408 2871 1518 2932 invenit.

356 2968 518 3037 ΑΝΔΡΟΟ
535 2967 723 3035 hurupel
739 2968 874 3035 ΔΛΤΝΑ
891 2967 1066 3036 ΑΙΘΕΡΕΟ
1083 2967 1396 3038 ΟΙΚΟΔΟΜΗΟΑΝ.
1435 2976 1463 3034 in
1480 2991 1520 3034 ce

355 3077 425 3139 dice
453 3075 663 3138 bibliothecae
686 3095 712 3137 s.
738 3075 817 3136 Galli
850 3078 904 3157 qui
927 3078 1055 3138 Notkeri
1087 3078 1380 3158 interpretationem
1402 3077 1519 3140 continet

355 3181 506 3260 scriptum
530 3189 578 3242 est
600 3179 714 3242 andros
738 3179 774 3241 de
796 3182 877 3240 ieros
901 3179 1052 3242 daumero
1074 3181 1196 3242 olitores
1220 3180 1420 3258 ieodomeaoe,
1443 3197 1520 3260 supra

354 3282 511 3364 adscripta
537 3283 593 3345 hae
616 3283 876 3364 interpretatione
893 3286 1012 3363 Latina,
1038 3286 1102 3346 oiri
1122 3292 1221 3345 eutem
1244 3288 1332 3346 socri
1351 3304 1456 3367 eorpus
1470 3285 1521 3344 ιδ·-

356 3395 431 3448 tutcs
454 3387 671 3468 edificotteramt
692 3389 713 3448 i.
739 3389 923 3463 mutarerunt,
949 3405 1031 3468 quae
1056 3389 1212 3449 Notkerus
1235 3389 1276 3450 ita
1301 3391 1518 3471 interpretatur.

354 3491 476 3574 heiltpes
499 3494 625 3552 minues
649 3490 795 3553 ltchomeo
818 3489 928 3552 aetem
949 3489 1055 3574 tripede
1077 3497 1109 3553 so
1130 3489 1292 3573 pestateaot
1313 3496 1366 3555 ida
1387 3496 1443 3554 imo
1457 3489 1521 3552 nteit

355 3597 443 3656 idroa
467 3598 588 3676 nemrip.
633 3593 743 3656 eadem
768 3594 819 3654 illa
843 3595 948 3655 Latina
973 3595 1138 3674 explicatio
1162 3596 1255 3656 etiam
1280 3597 1313 3658 in
1335 3597 1403 3658 aliis
1423 3594 1521 3658 codici·

355 3698 416 3760 bus
439 3699 603 3760 invenitur
625 3699 680 3779 qui
703 3715 765 3758 non
782 3697 901 3758 hahent
917 3691 1069 3780 δυνάμεις,
1095 3697 1152 3760 sed
1170 3700 1340 3780 perspicue
1355 3691 1518 3763 ΑΙΘΕΡΕΣ,

357 3801 454 3863 veluti
474 3800 770 3863 Gothanuscodex.
817 3800 950 3880 adparet
974 3801 1071 3881 igitur
1093 3802 1264 3882 antiquiori
1288 3803 1457 3884 scripturae
1476 3795 1521 3861 ad-

356 3907 484 3966 mixtam
509 3922 579 3966 esse
602 3923 641 3964 ex
657 3905 727 3965 aliis
743 3903 834 3966 libris
851 3905 1033 3966 recentioris
1050 3907 1217 3967 commenti
1235 3907 1519 3986 interpretationem.

357 4029 394 4068 ex
417 4009 547 4088 antiqua
570 4017 674 4069 autem
697 4009 854 4088 scriptura
878 4008 962 4070 hune
985 4026 1113 4069 versum
1138 4009 1292 4090 eruimus⁷

562 4105 668 4194 ἀνδρὸς
691 4106 727 4194 δὴ
753 4110 832 4195 ίεμοδ
856 4109 949 4194 δέμας
972 4110 1091 4196 αἰδέμες
1114 4105 1329 4197 οἶκαδόμηααν.

356 4217 429 4295 quis
459 4216 510 4276 ille
540 4215 581 4276 sit
609 4215 664 4294 qui
689 4215 773 4276 hunc
796 4234 923 4276 versum
948 4217 1078 4296 protulit
1101 4235 1263 4296 quemque
1287 4217 1431 4278 Boethius
1451 4221 1520 4274 tanta

356 4318 449 4380 laude
472 4317 603 4398 dignum
627 4319 817 4379 existimavit
839 4329 874 4381 ut
890 4320 1118 4399 Philosophiam
1143 4337 1216 4381 eum
1240 4319 1301 4380 sibi
1318 4318 1469 4400 praeferre
1483 4313 1519 4373 ia-

356 4431 444 4483 ceret
466 4421 621 4483 doctiores
644 4420 773 4484 tortasse
798 4421 1009 4503 indagabunt:
1036 4443 1093 4502 ego
1116 4423 1202 4483 enim
1226 4424 1305 4483 nihil
1327 4423 1447 4484 adferre
1460 4435 1519 4500 poe·

356 4545 425 4586 sum
452 4525 557 4605 paullo
581 4526 647 4586 veri
671 4525 816 4587 similius.
