3178 5136
607 373 711 434 λἰιιιι.
1182 359 1254 430 517

68 579 121 641 que
142 579 234 622 orme
253 560 394 643 pudicos.
442 560 499 622 sed
524 562 721 641 Propertius,
754 563 810 641 qui
833 563 933 644 ligura
956 581 1051 642 quam
1075 556 1134 626 ἀπὸ
1155 565 1257 626 κοινοῦ

69 661 202 728 dicimus
223 668 352 748 saepius
381 683 493 745 magna
524 684 596 726 oum
627 664 758 726 audacia
789 684 865 727 usus
889 675 953 744 est,
986 667 1256 746 simplicissimum

69 768 145 831 illud
167 771 238 832 eius
259 787 361 849 genus
384 777 480 848 atque
503 766 545 828 ab
568 768 692 829 lloratio
715 767 838 830 Tibullo
868 768 939 830 aliis
968 780 1154 850 usurpatum
1179 788 1257 832 nus-

68 891 161 952 quam
184 871 324 935 admisit.
371 869 490 934 deinde
514 889 586 931 cum
608 889 681 932 mox
704 881 958 933 conmemoretur
980 872 1138 950 loariotis,
1170 881 1256 933 certe

68 993 128 1036 non
151 976 331 1038 necessaria
354 974 419 1035 illic
441 982 490 1034 est
511 972 700 1053 pudicarum
730 975 859 1036 mentio.
908 976 1014 1055 itaque
1037 975 1256 1038 Marklandum

68 1089 152 1140 recte
176 1079 342 1158 scripsisse
364 1087 441 1158 puto
462 1075 536 1137 doec
558 1078 648 1138 ctiam
670 1077 793 1139 clausas
815 1085 996 1160 αοριιριιοοι
1012 1097 1102 1140 oram
1121 1079 1253 1160 ριιυὶἱαο,

67 1180 334 1261 quemadmodum
368 1179 449 1241 dixit
480 1179 662 1259 Propertius
684 1199 714 1241 rr
735 1181 753 1241 3
778 1181 818 1241 te
842 1189 876 1242 ct
898 1199 957 1262 per
979 1189 1007 1243 te
1035 1183 1159 1244 cicuras
1180 1183 1258 1244 sciat

67 1292 237 1346 moraturo
254 1283 388 1366 puellos,
421 1301 461 1360 ιν,
482 1283 519 1343 ll
538 1283 577 1344 23
601 1301 656 1344 ccc
678 1285 768 1344 timor
788 1290 844 1344 cut
864 1283 930 1345 clla
948 1292 996 1345 cst
1016 1285 1141 1347 clausor
1162 1285 1256 1347 tutelo

64 1389 197 1468 puellae.
245 1386 331 1467 quod
353 1384 393 1447 ad
422 1385 545 1448 clausas
572 1385 696 1466 puellas
725 1387 793 1448 sire
821 1385 1051 1458 κατακλείστους
1074 1389 1188 1450 attinet
1210 1389 1256 1448 eis

65 1511 145 1572 quae
176 1489 437 1552 liemsterlrusius
466 1488 498 1549 in
528 1489 663 1550 Lucieno
686 1497 710 1550 t.
728 1507 738 1548 1
754 1508 788 1569 p.
809 1488 868 1549 tat
885 1509 911 1550 s.
938 1501 969 1552 at
991 1491 1200 1553 Ruhnkenius
1223 1492 1255 1552 in

65 1595 207 1658 Ernestii
221 1591 413 1654 Callimacho
434 1601 458 1653 t.
477 1609 487 1651 ι
502 1609 535 1672 p.
555 1592 616 1652 aad
640 1590 801 1654 dederunt
818 1591 900 1654 addo
917 1589 1119 1677 στωμύλματα
1134 1593 1257 1656 Aeliani

65 1697 104 1760 de
126 1697 230 1758 anim.
252 1713 289 1756 ιν
313 1694 351 1754 ld
381 1692 422 1756 de
451 1693 571 1754 chamis
602 1694 643 1756 ita
673 1695 847 1774 loquentis,
885 1689 941 1758 όπὸ
971 1689 1093 1768 ταύταις
1114 1687 1167 1760 οὖν
1189 1691 1257 1770 τοός

64 1801 181 1865 ἑαυτῶν
199 1792 317 1868 αἰλοούς
331 1795 517 1875 ἐκλιποῦσαι,
542 1795 705 1880 μσμυκυῖαί
725 1819 758 1862 τι
779 1794 831 1860 καὶ
854 1793 1063 1863 νατόιιλαιστοι
1083 1797 1137 1880 ἔτι,
1166 1795 1257 1865 ἀνία-

63 1927 107 1967 οιν
130 1903 168 1966 ἐκ
192 1903 252 1966 τῶν
275 1903 391 1986 μυχῶν,
423 1895 476 1962 καὶ
504 1893 651 1983 ἀκόμονος
681 1890 773 1984 οόσης
799 1905 853 1985 τῆς
875 1896 1027 1986 θαλάττης
1049 1903 1168 1968 edocet·
1208 1901 1259 1968 καὶ

61 2003 128 2072 τότε
158 2001 318 2076 ἀνοίξασαι
346 1998 399 2074 τὰς
427 2002 543 2066 ἑαυτῶν
573 2003 679 2088 στέγας
709 1998 914 2083 ἑκαόπτουσιν,
950 2000 991 2077 ὡς
1020 2005 1055 2069 ἐκ
1084 2011 1143 2070 τῶν
1174 2007 1257 2072 ἰδίων

62 2105 215 2193 θαλάμων
244 2107 278 2171 αἱ
305 2103 420 2192 νόμφαι
446 2099 467 2191 ἢ
497 2102 534 2170 τὰ
564 2101 638 2190 ῥόδα
665 2103 739 2193 πρὸς
766 2104 821 2192 τὴν
851 2105 935 2193 εἵλην
957 2103 1185 2175 όααλοανθέντα
1207 2111 1258 2176 καὶ

62 2209 238 2299 ἐκκόψαντα
259 2211 319 2274 τῶν
341 2199 502 2273 ιιαλόιιιιιν.Ι

150 2316 270 2379 LXVII.
316 2312 570 2392 Memorabilem‚
596 2323 631 2376 ut
654 2315 706 2376 illo
728 2317 868 2396 saeculo,
894 2317 1097 2397 prudentiam
1121 2318 1299 2399 produnttt

63 2441 147 2503 quae
173 2417 278 2481 Dicuil
302 2417 334 2478 in
366 2416 493 2498 prologo
523 2416 598 2478 libri
628 2417 667 2479 de
697 2437 845 2482 mensura
875 2419 962 2482 orbis
984 2430 1090 2483 terrae
1114 2420 1201 2500 dicit,
1228 2429 1262 2484 ot

61 2525 113 2586 ubi
135 2527 171 2585 ιἰι
203 2520 290 2584 libris
316 2520 408 2582 attoli
429 2519 563 2581 Secundi
588 2523 884 2603 corruptoremque
911 2521 1000 2584 dubio
1026 2541 1168 2585 numeros
1191 2525 1262 2603 ficri

61 2643 243 2712 copoovcro,
270 2625 335 2685 loco
358 2641 462 2684 corum
485 2641 584 2684 voerta
607 2626 728 2685 ναίοντα
747 2623 968 2705 forefactum,
1000 2633 1048 2700 ut,
1080 2628 1109 2688 si
1129 2645 1190 2686 cort
1212 2627 1261 2686 ιἰι-

61 2749 177 2792 cenero
199 2734 284 2790 carra
305 2725 511 2806 etcerrtploric¹
538 2727 714 2807 quicumque
737 2729 906 2808 reppererit
927 2728 1070 2790 emendet.
1113 2747 1186 2788 com
1208 2727 1263 2789 ubi

62 2833 246 2896 dubitavero
269 2837 372 2890 ccum
402 2829 478 2890 cerii
498 2845 590 2890 necne
616 2830 678 2890 siet
699 2832 836 2904 numeri,
869 2831 946 2892 sicrtt
975 2838 1071 2893 certos
1098 2830 1256 2903 crossobc,

61 2947 94 2998 ut
112 2933 298 3018 praedictus
320 2932 456 3012 quisquis
478 2949 567 2993 veros
591 2931 703 2994 viderit
723 2935 875 2994 veraciter·
896 2934 1040 3015 corripct.
1075 2935 1206 2996 Naesius
1229 2944 1259 2994 et

62 3037 281 3120 lloqueiortus
303 3054 376 3096 cum
398 3035 476 3096 sicut
497 3042 593 3096 certos
616 3035 762 3097 crassedo
784 3054 848 3097 non
872 3037 1096 3115 intellegerent
1115 3035 1260 3098 scriben-

62 3143 140 3204 dum
159 3159 232 3202 esse
249 3146 402 3218 putarunt
424 3137 503 3198 sicut
523 3145 635 3200 ceteros
657 3138 784 3200 cosrcbo
808 3138 905 3219 idque
922 3141 1042 3220 recepit
1058 3141 1256 3201 Latronnius.

62 3261 257 3326 perversum
279 3242 337 3302 hoc
365 3249 430 3302 est:
471 3258 544 3301 nam
575 3242 621 3302 sic
650 3239 747 3302 scribi
777 3242 940 3323 oportebat
967 3261 1030 3304 non
1052 3251 1175 3320 ceteros,
1201 3241 1259 3304 sed

62 3349 131 3412 λλιος
158 3346 211 3408 vel
233 3352 403 3424 corruptor.
430 3342 515 3423 quod
539 3341 614 3403 libri
629 3343 748 3406 habent
764 3347 966 3408 verissimum
988 3353 1035 3408 est
1051 3365 1157 3426 neque
1173 3345 1260 3407 aliud

62 3447 224 3532 significat
247 3465 341 3527 quem
364 3447 443 3508 sicut
464 3454 560 3508 certos
582 3444 724 3508 crcaecbo
746 3447 813 3510 sive
836 3447 1027 3510 clcrooecbo.
1067 3447 1259 3510 charaxandi

63 3553 203 3615 verbum
232 3549 338 3611 multis
361 3547 519 3628 exemplia
548 3548 652 3612 firmat
675 3549 785 3630 (langii
809 3550 999 3612 Glossarium
1025 3549 1173 3631 idemque
1196 3563 1219 3612 t.
1238 3571 1259 3612 ιι

63 3678 95 3737 p.
117 3652 328 3716 filSllensch.
354 3669 417 3712 non
441 3669 604 3732 nunquam
628 3671 766 3715 crcaeorc
788 3655 941 3734 scriptum
965 3673 1035 3716 esse
1058 3652 1160 3714 docet.

155 3755 284 3818 LXl'lll.
325 3754 571 3835 Etymolcgicum
596 3773 744 3836 magnum
767 3775 798 3835 p.
819 3757 878 3815 ⁴70
897 3757 936 3817 tl
962 3749 1125 3840 αόρόαχας,
1151 3749 1171 3838 ἡ
1195 3746 1319 3838 ἄμ-ιτι

62 3865 168 3932 πελος.
207 3855 355 3942 μέμνηται
372 3853 541 3941 Παρθένιος
563 3856 594 3920 ἐν
611 3851 758 3942 Ἡρακλεῖ
774 3851 977 3944 “αόροσχόδα
994 3851 1098 3943 βότρυν
1117 3853 1262 3944 Ἰκαριω-

63 3957 165 4048 νλης.”
208 3961 290 4023 dixit
313 3960 354 4022 de
376 3961 427 4022 his
450 3962 626 4024 licinalrius
649 3963 682 4022 in
704 3959 865 4023 analectis
886 3960 1112 4024 Alexandrinis
1134 3983 1166 4043 p.
1185 3963 1260 4024 273.

65 4068 146 4128 mihi
170 4062 393 4128 emendatione
416 4063 650 4144 simplicissima
673 4063 880 4128 scribendum
903 4064 1033 4127 ridetur

699 4159 877 4252 αόροσχάδα
900 4161 1005 4251 βότρυν

303 4263 345 4332 Ἰν
389 4267 468 4332 ιιυνίν

66 4373 247 4454 Penelopae
271 4291 393 4454 patrddr
416 4292 624 4454 Apdldodorus
646 4373 724 4434 alias
752 4383 786 4434 ut
815 4375 912 4434 ceteri
932 4365 1060 4456 Ἰκάριον
1084 4373 1172 4452 dicit,
1205 4371 1263 4434 scd

67 4495 102 4538 ιιι
120 4479 140 4538 i
157 4477 175 4536 3
193 4477 290 4538 etltl
314 4470 485 4560 Ἰκαρίοιο,
510 4476 661 4557 idemque
684 4475 753 4537 lieri
777 4477 917 4556 potuisse
941 4478 972 4537 in
995 4485 1086 4556 patre
1109 4477 1263 4557 Erigonae
