3156 5132
320 391 393 463 360
712 405 755 464 Ex
777 423 873 466 unani
898 405 1103 465 Bsaoumnusr.

191 611 194 618 ’
319 593 401 657 ίίίντο
423 593 542 656 Medico
572 592 664 655 vaide
687 592 857 674 depravata
888 601 980 670 sunt,
1013 591 1041 656 οἱ
1064 590 1097 654 δί
1119 615 1196 665 τινες
1219 587 1305 658 τοῦτό
1327 614 1400 678 φασι
1418 592 1482 677 βλα-

319 693 406 784 βερόν
433 694 529 761 είναι·
559 692 628 768 rods
656 691 714 782 γὰρ
736 694 912 783 προσιόντας
933 697 993 759 τῶν
1015 693 1165 780 πολεμίων
1188 698 1219 761 ἐν
1241 699 1286 782 τῷ
1308 694 1402 760 σιιότει
1419 719 1482 781 προ-

320 799 521 865 αισδσίνεσδαι
549 793 584 864 οό
614 797 819 886 προσπηγαῖόν
848 803 911 868 ἐστι
940 797 991 868 διὰ
1019 798 1072 888 τὴν
1099 795 1202 890 φωνήν
1225 825 1258 865 τε
1279 803 1338 864 τῶν
1359 793 1484 885 περιόδων

319 901 371 968 καί
399 899 432 969 τὸ
456 903 594 992 βάλλειν,
629 900 708 972 α’λλὰ
732 909 845 991 μᾶλλον
868 907 910 979 είς
932 902 982 972 τόν
1006 901 1170 992 σιγώμενον
1191 901 1293 974 τόπον.
1338 903 1391 966 ubi
1412 922 1486 964 mon-

319 1019 455 1073 strosum
479 1010 558 1074 illud
579 1011 783 1097 προσπηγσιῖον
807 1011 924 1093 legitur
940 1011 1154 1092 Gasaubouus,
1179 1021 1215 1073 ut
1236 1017 1305 1072 erat
1328 1009 1412 1070 homo
1433 1027 1487 1068 mo

319 1112 429 1178 destus
444 1123 475 1175 et
490 1115 655 1196 candidus,
680 1115 849 1196 adscripsit
865 1135 1013 1197 magnum
1029 1135 1099 1179 esse
1115 1124 1147 1177 et
1161 1132 1221 1196 per
1236 1111 1397 1194 ingenium
1411 1130 1487 1172 suum

321 1214 458 1280 δυσίατον
488 1219 614 1282 vuinus¹
661 1229 769 1301 postea
800 1221 975 1283 extiterunt
1006 1222 1059 1301 qui
1090 1221 1196 1280 minus
1218 1215 1280 1278 sibi
1303 1213 1485 1276 diffiderent:

262 1344 266 1356 ,
320 1319 377 1382 sed
407 1339 487 1402 quae
518 1323 720 1403 protulerunt
749 1324 856 1404 inepta
886 1333 961 1386 sunt
991 1333 1021 1385 et
1050 1341 1113 1384 non
1142 1341 1205 1384 uuo
1228 1320 1354 1381 nomine
1377 1317 1488 1398 indigna
1563 1393 1564 1398 ἵ

321 1443 402 1505 quae
426 1425 615 1488 refutentur.
664 1425 813 1507 equidem
837 1428 937 1508 ipsam
961 1447 1024 1508 qua
1043 1424 1167 1489 Aeneas
1189 1443 1266 1487 usus
1290 1432 1338 1485 est
1359 1421 1489 1483 orationis
1563 1489 1564 1502 ¹

321 1526 452 1590 iormam
475 1549 537 1590 non
561 1539 686 1611 praesto
714 1528 797 1610 (nam
820 1529 1001 1593 addendum
1025 1540 1073 1592 est
1092 1528 1262 1606 nonnihil,
1286 1535 1387 1608 potest
1400 1533 1490 1586 autem

321 1631 407 1711 quod
429 1631 519 1695 deest
541 1653 604 1694 non
627 1651 690 1695 uno
713 1631 804 1695 modo
827 1633 994 1717 conpleri),
1020 1631 1078 1695 sed
1100 1627 1305 1717 προσπηγαῖον
1330 1626 1405 1691 illud
1418 1635 1491 1688 certa

322 1736 397 1796 mihi
428 1736 539 1799 videor
568 1737 728 1818 corrigere
758 1757 849 1818 posse
876 1736 1108 1800 emendatione.
1156 1737 1222 1816 ipsa
1246 1733 1332 1795 enim
1354 1729 1491 1794 sententia

324 1838 401 1901 haee
424 1839 491 1902 fere
515 1840 663 1920 postulat,
687 1835 756 1911 τοδς
778 1835 836 1926 γὰρ
858 1834 1034 1927 προσιόντας
1056 1843 1115 1904 τῶν
1137 1835 1288 1921 πολεμίων
1309 1836 1341 1900 ἐν
1355 1837 1396 1922 τῷ
1410 1827 1494 1898 σιιότει
1563 1899 1564 1904 γ

321 1935 580 2025 προαισθάνεσθαι
603 1935 665 2030 (ότι
687 1939 836 2031 ἐνταῦθα)
859 1938 894 2009 od
916 1943 1108 2029 προσιτητίον
1131 1937 1193 2005 ἐστὶ
1215 1935 1266 2004 διδ
1287 1933 1342 2024 τήν
1361 1930 1492 2024 ρωνήντε
1563 1999 1564 2018 ,

321 2050 380 2108 τῶν
402 2039 550 2130 περιόδων
573 2044 623 2109 ιιαί
647 2043 680 2110 τδ
703 2040 835 2131 βάλλειν,
862 2042 941 2111 ἀλλὰ
964 2049 1076 2130 μᾶλλον
1100 2046 1142 2118 είς
1163 2041 1212 2110 τὸν
1229 2037 1393 2128 σιγώμενον
1407 2035 1491 2105 τόπον.
1563 2103 1564 2130 ,

323 2168 385 2210 non
408 2150 541 2211 multum
565 2152 649 2212 inter
671 2169 706 2212 se
725 2149 878 2214 differunt
895 2145 1153 2214 ΠΡΟΣΙΤΗΤΟΝ
1171 2159 1202 2211 et
1218 2138 1490 2218 ΠΡΟΣΠΗΓΕΟΝ,

323 2271 436 2333 magna
459 2261 565 2315 autem
588 2271 663 2333 pars
685 2253 873 2316 mendorum
896 2254 1013 2335 quibus
1035 2255 1087 2315 hic
1110 2253 1192 2315 liber
1209 2253 1393 2332 inquinatus
1407 2258 1449 2309 est
1462 2265 1494 2306 er

324 2357 375 2416 iila
406 2356 583 2418 litterarum
613 2359 719 2437 specie
752 2367 819 2419 orta
849 2368 907 2421 est.
955 2357 1073 2420 deinde
1104 2366 1174 2420 eet
1202 2378 1235 2420 αι
1258 2357 1290 2417 in
1321 2352 1428 2416 eodem
1449 2353 1494 2412 hoc

322 2458 404 2520 libro
427 2461 553 2540 saepius
576 2470 753 2540 permutata
777 2481 846 2524 esse
867 2469 998 2523 constat.
1046 2459 1186 2542 denique
1202 2457 1288 2541 quod
1305 2458 1369 2537 illa,
1394 2448 1439 2518 διὰ
1452 2448 1494 2534 τὴν

323 2555 426 2647 φωνήν
448 2585 481 2626 τε
502 2566 562 2626 τῶν
584 2557 732 2648 περιόδων
755 2558 806 2626 καί
827 2558 859 2627 τδ
883 2558 1015 2649 βάλλειν,
1042 2564 1199 2645 dirempta
1215 2572 1291 2624 sunt
1306 2560 1348 2624 ab
1363 2579 1399 2622 eo
1414 2557 1496 2619 verbo
1563 2565 1564 2568 ’

323 2665 363 2727 ad
386 2665 471 2747 quod
493 2669 656 2747 pertinent
679 2668 798 2730 nullam
821 2669 854 2729 in
871 2667 997 2730 Aeneae
1021 2686 1167 2730 sermone
1183 2665 1280 2728 habet
1295 2664 1494 2726 offensionem.
1563 2731 1564 2736 .

410 2771 517 2831 XXIX.
543 2772 609 2831 Non
626 2769 755 2853 indigna
772 2771 849 2832 mihi
865 2770 1017 2834 videntur
1033 2791 1103 2833 esse
1121 2769 1415 2832 commemoratione
1429 2783 1495 2846 quae
1563 2759 1564 2768 ’

324 2873 540 2936 Lachmanuus
571 2875 603 2935 in
628 2874 815 2938 Gromatiois
844 2876 910 2936 suis
934 2895 965 2955 p.
987 2873 1043 2934 254
1072 2893 1112 2936 ex
1142 2872 1224 2934 libro
1246 2869 1416 2934 Arceriano
1437 2887 1496 2950 pro
1563 2935 1564 2942 ¹

324 2977 395 3038 tulit
419 2986 451 3039 et
474 2976 568 3039 simui
585 2976 776 3039 emendavit.
810 2985 972 3060 peometro.
1003 2995 1119 3058 pyrrus
1135 2995 1265 3060 mopsus
1284 2976 1358 3058 (leg.
1377 2969 1493 3056 Μοροιι)

324 3080 522 3161 arestyllydes
551 3081 620 3162 (leg.
640 3077 781 3162 Aristylli
802 3080 869 3162 duo)
897 3081 1067 3162 apollonius
1087 3099 1205 3162 pyrrus
1226 3087 1379 3163 pecmetro
1400 3081 1497 3139 instro

331 3181 400 3264 (leg.
419 3181 523 3266 Arato)
550 3183 632 3246 drmit
651 3185 839 3266 principium
862 3191 942 3246 stum
969 3185 1000 3266 (i.
1019 3203 1047 3246 e.
1066 3183 1156 3266 istud)
1185 3203 1205 3244 o
1227 3184 1323 3244 ionem
1352 3179 1449 3263 (immo
1465 3195 1497 3238 eu

325 3286 405 3368 Ioue)
439 3287 620 3367 incipiemus
645 3269 764 3369 fulsum
792 3286 874 3350 dicit.
922 3288 1063 3370 ριιοιιίοαι
1090 3305 1133 3349 eac
1154 3289 1251 3348 ionem
1273 3304 1334 3347 αοιι
1357 3285 1397 3347 od
1418 3287 1496 3345 toron

325 3389 503 3451 ordinamus
529 3388 561 3472 β.
580 3409 608 3452 e.
632 3393 773 3472 quonium
795 3411 816 3453 o
837 3393 919 3468 ίοιιο,
944 3410 1004 3452 noo
1027 3409 1070 3453 ιω
1092 3393 1163 3452 Ioue
1184 3387 1357 3471 ordiamur]
1383 3384 1496 3467 εαοίριίίι

326 3493 441 3556 siculus
470 3494 645 3557 crismetica
666 3493 798 3556 scribsit.
847 3495 1022 3557 rectissime
1045 3494 1262 3556 Lachmanuus
1285 3493 1390 3555 omnia
1413 3492 1497 3552 iuter-

325 3605 468 3677 pretatus
491 3606 550 3658 est.
597 3597 748 3660 nimirum
772 3599 804 3660 in
829 3599 893 3659 vita
915 3596 1004 3662 Arati
1027 3617 1122 3680 quam
1146 3607 1216 3678 post
1237 3597 1409 3658 victorium
1423 3595 1497 3653 Peta-

326 3701 397 3762 vius
420 3703 452 3762 in
468 3701 654 3782 Uranologio
677 3700 777 3763 edidit
798 3695 830 3783 p.
849 3701 909 3764 273
937 3703 1006 3764 sive
1028 3699 1114 3783 apud
1130 3701 1278 3764 Buhlium
1295 3700 1326 3759 in
1343 3698 1433 3761 Arato
1446 3705 1465 3756 t.
1481 3709 1497 3752 ιι

326 3823 358 3884 ρ.
378 3801 439 3866 ί37
463 3805 541 3865 haec
570 3815 758 3885 narrantur,
790 3803 965 3867 ἐπικαλοῦσι
994 3801 1028 3867 δὲ
1051 3797 1133 3890 αὐτῷ
1154 3797 1207 3887 τήν
1229 3799 1264 3866 ἔν
1285 3796 1426 3887 πρόδεσιν
1447 3789 1497 3860 ἀντὶ

326 3910 378 3990 τῆς
401 3897 461 3970 dud
483 3901 698 3993 παρειληφότι·
724 3905 787 3971 ἔδει
808 3903 866 3994 γάρ
889 3930 980 3994 φασιν
1003 3905 1099 3971 εἰπεῖν.
1119 3900 1204 3970 “όπδ
1228 3903 1330 3978 Διός.”
1375 3898 1497 3986 ἀγνοοῦσι

328 4011 361 4077 δὲ
389 4005 436 4078 ότι
462 4009 513 4076 καί
537 4009 685 4099 Πίνδαρος
708 4006 916 4098 κατεχρήσατο
938 4015 981 4097 τῷ
1003 4008 1070 4074 ἔδει
1091 4003 1204 4096 τοότιρ,
1237 4008 1334 4094 λόγων
1366 3999 1496 4084 “idmst

328 4114 380 4180 καί
389 4111 551 4203 Ὁμηρίδαι
573 4115 692 4201 βαπτῶν
708 4113 803 4178 ἐπέων
819 4109 969 4179 τὰπολλὰ
984 4105 1086 4178 σ’ίοιδοι
1101 4105 1256 4200 ἄρχονται,
1275 4105 1346 4184 Διὸς
1361 4111 1394 4174 ἐν
1407 4129 1496 4192 προοι-

328 4218 435 4304 μίοο,”
463 4216 515 4282 καί
535 4211 661 4302 Ἀλκμάν
694 4212 780 4303 “epi
804 4215 836 4283 δὲ
860 4213 908 4283 ἀεί
930 4242 978 4282 σοι
1001 4243 1038 4303 με
1060 4217 1094 4282 ἐκ
1116 4211 1186 4288 Διὸς
1209 4211 1365 4303 ἀρχόμενα
1391 4205 1454 4295 (ἐμίν
1472 4201 1492 4268 δ’

327 4317 470 4407 ἀείσομαι
498 4322 532 4386 ἐκ
563 4317 632 4394 Διδς
660 4316 826 4409 ἀρχόμενος
847 4323 1091 4402 ValckenariuS,
1123 4315 1184 4406 ἐγιδ
1207 4319 1241 4384 δί
1262 4314 1293 4405 γ’
1321 4315 1453 4404 ἀείσομαι
1469 4313 1494 4376 dt

304 4421 399 4498 θΔιδς
422 4421 579 4513 ἆρχομένοι
601 4426 804 4508 Bergkius].'’
851 4417 949 4498 ἄλλως
972 4423 1006 4488 δὲ
1027 4420 1078 4488 καί
1098 4419 1131 4489 τὸ
1154 4417 1213 4488 ἀπό
1237 4412 1399 4510 διίσρήμόνΙ
1419 4422 1489 4488 ἐστιν,

328 4524 369 4604 ὡς
399 4525 428 4595 εἴ
455 4553 499 4602 τις
528 4528 612 4614 λίγοι
635 4519 759 4594 ἄποθεν.
806 4530 893 4593 nulla
915 4528 960 4592 ibi
984 4529 1096 4610 Pyrrhi
1118 4529 1237 4592 mentio
1261 4527 1307 4591 fit.
1352 4526 1407 4592 sed
1426 4518 1491 4606 apud
