3178 5136
334 393 408 464 510
732 408 775 467 Ex
799 427 895 469 ιιιιιιιι
918 410 1125 472 senonensi.

332 595 429 657 nobile
450 597 547 678 pentir
570 615 656 676 opas,
683 597 809 678 (ittaque
831 604 930 659 tenent
949 599 1034 659 Ponti
1047 598 1202 677 Byzantio
1217 597 1310 658 litora
1322 596 1421 677 [anne
1444 594 1496 676 (llic

332 701 416 760 locas
439 705 483 760 est
503 701 615 780 pernici
636 700 732 760 iancea
754 708 844 761 einen
865 701 988 782 maris).
1025 700 1178 780 scriptum
1203 718 1273 760 esse
1291 699 1411 762 ridetur
1429 699 1498 762 binc-

332 820 389 882 qne
419 803 450 862 in
479 801 571 862 libris
603 803 766 883 plerisque
799 813 894 884 atque
928 803 1006 865 adeo
1040 803 1073 865 in
1103 801 1288 864 melioribus
1323 805 1499 884 (quamquam

334 905 437 966 nullos
460 903 614 966 habemus
629 905 779 967 Tristium
798 903 922 988 bonos),
947 906 1000 966 alii
1023 908 1139 968 omisso
1160 925 1216 988 qne
1240 905 1357 969 habent
1378 905 1441 966 ltine
1459 906 1500 966 rel

245 1027 256 1046 ·
333 1007 398 1084 bic.
430 1027 492 1069 non
518 1009 596 1070 nulli
621 1009 719 1089 inque,
751 1007 784 1068 in
808 1007 932 1069 duobus
955 1010 1102 1071 Heinsius
1124 1010 1249 1071 invenit
1272 1007 1388 1089 inde*].
1421 1007 1501 1087 idque

333 1111 539 1172 scribendum
564 1111 739 1171 coniecerat
763 1112 873 1173 Petrus
896 1112 1057 1190 Francius,
1082 1132 1177 1192 quem
1201 1113 1360 1173 hominem
1379 1111 1409 1170 in
1430 1111 1501 1190 poesi

334 1215 441 1275 Latina
466 1214 761 1275 exercitatissimum
778 1233 840 1274 non
858 1214 973 1276 mirum
990 1225 1037 1276 est
1054 1216 1106 1276 illo
1126 1215 1253 1296 binaque
1269 1215 1418 1276 offensum
1433 1231 1501 1274 esse.

334 1336 438 1396 neque
462 1317 589 1378 omnino
612 1315 765 1378 credibile
788 1327 836 1378 est
858 1317 1024 1398 Ovidium,
1056 1327 1179 1398 poetam
1203 1328 1234 1379 et
1258 1318 1428 1396 elegantiae
1448 1325 1504 1376 stu·
1579 1349 1580 1354 κ

333 1419 545 1482 diosissimum
571 1429 601 1480 et
624 1419 862 1481 consuetudinis
885 1439 960 1481 suae
984 1421 1231 1498 tenacissimum,
1257 1422 1357 1481 semel
1379 1421 1418 1480 ita
1433 1419 1503 1478 locu·

333 1533 400 1585 turn
425 1542 511 1584 esse:
537 1523 666 1583 namin
691 1522 845 1584 eiusmodi
871 1541 903 1583 re
928 1541 990 1584 non
1012 1533 1088 1604 puto
1111 1533 1270 1604 postrema
1294 1523 1363 1585 eius
1384 1523 1502 1583 carmina
1579 1591 1580 1610 χ

334 1625 460 1687 diversa
484 1625 579 1686 luisse
602 1644 619 1685 a
644 1625 816 1705 prioribus.

419 1727 458 1789 dt
480 1728 579 1789 semel
602 1737 707 1788 tamen
737 1731 838 1808 sthne
860 1728 994 1790 Ovidius
1025 1727 1122 1808 dixit,
1155 1731 1236 1790 Fast.
1256 1731 1375 1790 nate.
1399 1727 1451 1790 scd
1471 1729 1502 1786 ita
1579 1749 1580 1816 ι

333 1832 415 1893 dixit
443 1840 478 1892 ut
508 1849 612 1911 neque
647 1829 855 1894 labefactetur
888 1830 972 1910 quad
1001 1831 1176 1912 Madvigius
1206 1831 1386 1894 observavit
1417 1849 1503 1911 neque

334 1937 413 1996 ratio
437 1936 480 1996 rei
506 1953 601 2014 quam
624 1935 728 1996 attulit
751 1951 813 1994 uon
837 1932 1052 1996 confirmetur.
1085 1935 1236 1996 nimirum
1260 1955 1323 1997 non
1345 1935 1504 1996 adnectitur

333 2041 378 2100 sic
400 2037 544 2100 eiusdem
568 2037 718 2097 orationis
735 2035 854 2114 verbis,
881 2036 939 2098 scd
963 2036 1123 2118 profertur
1144 2057 1162 2098 a
1185 2057 1321 2118 persona
1337 2057 1426 2118 quatu
1441 2037 1504 2096 Ori-

334 2143 407 2204 dius
422 2141 604 2220 loquentem
621 2139 790 2201 introducit
806 2141 939 2220 eiusque
963 2159 1116 2220 personae
1135 2140 1231 2202 verba
1256 2151 1348 2221 poeta
1370 2159 1422 2222 otte
1443 2157 1503 2219 par·

334 2244 429 2307 ticula
452 2263 523 2304 cum
546 2261 602 2303 sua
627 2243 805 2304 narratione
830 2243 1009 2323 coniungit:
1033 2244 1107 2323 llere
1128 2245 1233 2324 palam
1255 2265 1317 2306 non
1333 2245 1397 2305 vult
1416 2259 1504 2304 eant-

331 2348 443 2428 ploqne
462 2345 559 2426 fortia
573 2354 678 2406 servat
703 2346 823 2426 ‘Sicqne
849 2350 938 2408 ‘nicos
954 2365 1058 2408 rnnros
1074 2355 1212 2409 transeat
1226 2346 1334 2409 bostis’
1350 2349 1402 2406 ott.
1435 2341 1505 2424 quod

334 2450 490 2511 sermonis
505 2447 658 2510 audacius
673 2448 859 2510 conectendi
882 2468 982 2528 genus
1005 2451 1046 2510 ita
1070 2450 1099 2511 ei
1121 2451 1240 2530 placuit
1263 2461 1299 2512 ut
1321 2457 1458 2512 uteretur
1476 2463 1505 2504 eo

335 2553 532 2633 saepissime.
559 2552 616 2632 Ep.
638 2552 677 2610 ts
695 2552 754 2611 t53
786 2549 866 2630 (nam
890 2561 965 2632 puto
988 2571 1064 2614 sane
1080 2552 1186 2614 Ovidii
1211 2573 1280 2615 esse
1304 2554 1384 2614 hane
1402 2553 1506 2630 epistu-

334 2657 404 2736 lam]
433 2674 497 2717 eece
519 2673 635 2715 nerunt
658 2653 901 2734 nntriaefanstos
917 2655 1046 2716 instillat
1062 2657 1092 2715 in
1109 2657 1192 2737 iones
1217 2657 1375 2737 ‘Cros'qne
1399 2655 1505 2715 ‘erinae

331 2759 446 2839 plnres'
472 2758 618 2838 inquitet
640 2759 708 2838 ipsa
730 2756 811 2819 bibit.
856 2754 926 2818 Am.
946 2777 955 2818 ι
973 2758 984 2817 l
1007 2759 1046 2818 33
1071 2759 1246 2840 locavitque
1266 2779 1346 2841 penu
1368 2760 1504 2821 sinnoutn

331 2862 453 2942 fortiter
483 2879 590 2921 arcein
625 2860 787 2941 ‘Quodque
820 2862 937 2927 ‘cartae
963 2869 1058 2936 rates,
1085 2863 1195 2942 accipe’
1228 2863 1310 2924 dicit
1347 2860 1449 2942 ‘apae'
1480 2859 1504 2916 itt

336 2963 410 3025 Arte
428 2982 460 3024 ιιι
478 2964 538 3022 695
562 2971 654 3045 prata
677 2965 759 3043 quies
777 2963 916 3044 Cepbalo.
939 2962 1067 3043 fanndis
1083 2963 1267 3046 canibusque
1282 2967 1394 3027 relictis
1409 2965 1506 3024 Latera

337 3070 367 3126 in
390 3067 447 3127 bne
470 3069 587 3128 invenis
610 3085 699 3146 saepe
720 3065 833 3127 resedit
854 3065 942 3126 burno
976 3067 1139 3148 ‘Qnoe’qne
1164 3073 1254 3129 ‘nteos
1276 3069 1392 3130 releves
1413 3061 1506 3126 aettnt'

337 3177 464 3231 cantore
485 3168 616 3246 solebal,
655 3166 849 3250 ‘decipienda
871 3173 957 3244 sitta,
982 3167 1100 3230 ntobilis
1122 3189 1213 3244 ctera,
1241 3173 1321 3232 veni.
1347 3172 1417 3231 Met.
1434 3187 1442 3228 t
1457 3165 1505 3226 tbb

338 3272 488 3353 ‘quidque
518 3271 583 3333 ‘tibi
589 3319 596 3348 ,
623 3273 736 3334 lasciue
755 3291 845 3353 puer,
871 3291 938 3334 cnm
964 3270 1097 3351 sorenes
1119 3273 1255 3334 armvnl’
1299 3276 1440 3334 Dioeerat.
1457 3267 1504 3330 735

332 3375 421 3454 finiat
442 3381 476 3435 td
496 3392 609 3455 poenas
632 3375 752 3436 landent
775 3382 864 3457 rapat
894 3374 1004 3456 ‘in’qne
1023 3373 1169 3456 suturam
1190 3377 1267 3437 Pone
1290 3374 1394 3440 nictus'
1417 3375 1503 3456 inptil.

335 3472 413 3564 <753
431 3496 491 3538 non
507 3478 575 3539 tulit
590 3476 749 3566 lnccbides
775 3477 945 3558 ‘matrique
961 3478 1004 3539 ait
1030 3481 1142 3539 ‘omnia
1156 3479 1278 3540 demens
1297 3475 1431 3566 Credis.)
1457 3477 1505 3537 756

334 3588 362 3641 et
384 3581 453 3642 tulit
474 3580 515 3642 ad
539 3581 696 3659 Clymenen
721 3580 840 3660 Epapbi
867 3582 1003 3642 convicia
1028 3588 1159 3668 qnatrem
1185 3583 1331 3663 ‘Qno'qne
1353 3583 1445 3666 magd
1463 3579 1505 3640 do-

334 3685 416 3759 lens,
446 3684 598 3766 penetriae’
627 3685 686 3758 ait,
729 3683 790 3744 ‘ille
818 3701 869 3765 epo
900 3682 985 3758 liber,
1026 3684 1081 3745 lile
1100 3683 1196 3764 ferora
1224 3688 1316 3746 taoni.
1366 3705 1387 3748 ιι
1408 3685 1441 3745 bl
1465 3679 1505 3741 Sol

334 3787 429 3848 oculis
459 3787 595 3847 invenem
625 3785 732 3868 quibus
766 3784 895 3866 adspicit
927 3787 1027 3847 omnia
1061 3785 1139 3848 vidit
1173 3787 1338 3869 ‘Quae'qne
1373 3788 1447 3849 ‘vrbe
1464 3781 1506 3845 tibi
1577 3833 1578 3852 ,

335 3891 455 3951 cansa?
491 3889 565 3970 qnid
596 3888 662 3951 bac’
700 3890 744 3949 ait
783 3893 866 3950 ‘arce
895 3889 1085 3968 pett'sti-l’
1131 3890 1192 3951 633
1223 3891 1355 3971 adnuit
1382 3889 1504 3972 ιἰιῙαιιιιιιι

339 3993 468 4074 ‘totique
494 3991 649 4072 ‘salutifer
663 3991 731 4052 orbi
747 3992 853 4052 Cresco
868 3991 957 4071 pner’
979 3991 1072 4054 dran't.
1097 4009 1133 4053 ιιι
1150 3994 1209 4054 644
1234 3992 1365 4076 obstipui
1387 3989 1505 4072 ‘capnt’-

336 4112 392 4175 qne
417 4096 540 4177 ‘alt'qnis
562 4095 779 4156 moderamina’
802 4093 883 4154 draci.
915 4112 945 4154 tv
960 4094 1022 4155 337
1046 4095 1197 4158 Salmacis
1220 4097 1361 4158 eoetiinnit
1384 4093 1505 4172 ‘looa'ntt

340 4197 424 4258 ‘baec
446 4197 500 4259 tibi
520 4195 616 4259 libera
639 4197 744 4269 trado,
770 4197 896 4278 Hospes'
919 4199 972 4262 ait.
1020 4197 1115 4257 rlbb
1139 4200 1278 4281 increpat
1300 4197 1352 4261 bos
1376 4195 1505 4274 ‘volupe

340 4301 463 4374 ‘animi‚
498 4319 559 4360 non
587 4299 715 4361 oirtbas'
744 4300 841 4380 inquit
872 4301 1049 4382 ‘Corqoneis
1079 4302 1211 4383 torpetis’
1240 4305 1339 4384 Eryco.
1376 4301 1432 4362 389
1452 4299 1505 4377 ipse

426 4518 448 4580 *t
471 4519 642 4586 [aeternae
656 4523 737 4573 eone
750 4523 1015 4575 comminationem
1028 4524 1160 4584 snam,
1181 4529 1296 4578 mon
1307 4513 1504 4592 memb

1576 3861 1578 3944 l
