3252 5130
339 377 413 450 586
736 393 778 453 Er
801 411 898 454 nrm
922 395 1127 456 Bracmanum.

426 580 530 642 xcvi.
566 580 721 662 Gerippus
745 581 930 644 lohennidos
952 600 974 641 r
988 582 1050 642 2⁸7

744 719 804 763 non
830 702 892 764 44444
911 701 1024 782 findas
1046 701 1111 763 444444

544 823 620 866 aera
639 823 698 885 per
719 805 852 868 calidum
875 811 981 867 44444444
1002 821 1152 886 suspensa
1173 803 1319 876 volume,

544 909 679 990 ormiper
701 909 765 989 ipse
787 910 879 985 loen,
901 915 1008 990 portet
1027 911 1081 990 qni
1098 907 1239 989 fulminis
1261 907 1355 988 494444,

544 1012 603 1072 vim
624 1013 746 1100 impone
763 1019 862 1092 potest
879 1010 1026 1092 [4444444444
1049 1012 1188 1094 morpine
1213 1009 1293 1072 caeti

542 1114 669 1194 4444444444
689 1131 778 1196 pesse
797 1116 875 1196 poti,
901 1131 978 1196 quae
1000 1121 1102 1177 terror
1123 1115 1214 1176 iussn
1234 1112 1334 1174 edire.

341 1253 383 1296 ne
406 1224 542 1314 Cerippo
565 1233 695 1315 quidem
720 1233 853 1316 dignum
876 1244 923 1297 est
942 1241 1040 1315 potest
1057 1251 1148 1316 pesse
1166 1235 1242 1314 pati.
1286 1231 1448 1314 scripsisse
1469 1233 1511 1292 ri·
1601 1299 1602 1304 .

339 1337 432 1399 detur
451 1337 580 1418 fiamine
602 1345 682 1399 toste
707 1339 785 1418 pati.
811 1337 925 1400 melius
947 1335 1073 1399 flamine
1096 1346 1239 1399 vocasset
1266 1334 1401 1412 torrida,
1427 1353 1510 1415 quem
1601 1323 1602 1350 ³

338 1437 379 1501 ed
402 1438 529 1502 modum
546 1437 728 1520 Propertius
751 1441 841 1501 11128
864 1441 882 1500 3
908 1439 987 1502 dixit
1009 1441 1090 1503 vertit
1111 1441 1190 1502 4444444
1212 1445 1329 1520 tempor
1350 1457 1407 1521 que
1429 1437 1512 1499 terri-
1601 1475 1602 1506 t

338 1541 397 1605 dus
420 1549 540 1605 aestuat
561 1561 632 1604 cer:
670 1542 726 1605 sed
749 1541 789 1604 eb
812 1543 870 1605 hoe
891 1553 984 1624 poete
1017 1559 1079 1606 non
1109 1539 1281 1625 exigendus
1311 1551 1360 1604 est
1386 1541 1512 1622 optimos

338 1663 452 1708 sermo.
492 1663 597 1726 neque
622 1647 714 1726 plene
738 1645 936 1709 dissimiliter
958 1649 1080 1710 locutus
1103 1656 1151 1708 est
1166 1643 1301 1708 Ovidius
1321 1645 1393 1707 liet.
1419 1643 1507 1717 4444,

338 1757 400 1812 tam
419 1749 555 1831 premam
578 1749 666 1812 siccis
689 1767 744 1810 aer
762 1747 937 1831 [erroribus
959 1757 1047 1813 astas
1072 1749 1213 1812 Ganduit.

424 1869 541 1931 xovll.
578 1870 610 1930 Ρ.
635 1865 758 1932 Annius
779 1871 888 1932 Florus
912 1891 943 1952 p.
966 1871 1025 1932 lot
1050 1869 1161 1932 Halmii
1193 1871 1262 1932 inde
1289 1889 1336 1931 me
1358 1868 1470 1931 Rhodes
1490 1875 1512 1928 el

338 1971 376 2034 ab
398 1991 541 2055 repressa
564 1969 741 2056 Aegyptium
760 1973 906 2056 pelamts,
936 1983 969 2037 nt
998 1994 1055 2036 oro
1077 1975 1144 2036 Nili
1167 1971 1300 2035 viderem
1323 1981 1352 2035 44
1377 1971 1511 2054 poputum

337 2093 456 2156 semper
477 2078 510 2137 in
533 2077 650 2157 ternplis
673 2079 810 2151 otiosum,
832 2079 1015 2160 pereprinoe
1037 2077 1110 2139 dece
1131 2079 1227 2140 sistra
1238 2077 1424 2158 pulsantem.
1457 2091 1510 2136 noo

340 2177 436 2240 ducto
458 2187 506 2240 est
529 2179 561 2240 in
584 2177 691 2241 codice
714 2177 775 2242 sub
797 2199 843 2241 me
866 2181 1052 2261 pronomine
1077 2180 1206 2254 lineola,
1239 2189 1275 2240 ut
1305 2179 1339 2240 in
1362 2177 1510 2240 Ritsehelii

338 2281 443 2342 lluseo
475 2289 500 2341 t.
531 2297 540 2340 1
570 2300 602 2360 p.
622 2280 684 2341 307
720 2279 796 2344 ielso
829 2293 987 2345 narretur.
1045 2283 1236 2345 sententiam
1270 2297 1332 2343 nen
1368 2282 1510 2360 integram

339 2381 530 2444 ltitsehellns
552 2383 663 2445 alleoeit
684 2393 755 2465 post
773 2385 901 2467 petepus
925 2383 1033 2448 addito
1058 2385 1227 2466 conplevit.
1274 2384 1351 2445 mihi
1379 2379 1511 2445 seriben-

338 2484 415 2547 dum
430 2483 560 2547 videtur
581 2491 610 2547 44
630 2485 668 2547 ab
690 2503 835 2570 represso
849 2484 1027 2572 Aeppptinm
1041 2488 1172 2569 pellexit
1189 2487 1329 2570 pelapns.
1371 2487 1417 2548 sie
1437 2485 1510 2547 enim

338 2605 432 2649 cause
455 2589 572 2649 erroris
595 2588 799 2669 intellegitur.

423 2707 552 2769 XCVlll.
594 2707 641 2769 Ex
670 2707 777 2770 codiee
796 2710 980 2772 Veientieno
1010 2711 1135 2773 Riesius
1162 2709 1288 2773 Anthol.
1314 2721 1337 2772 t.
1365 2727 1385 2771 44
1408 2729 1438 2790 p.
1456 2709 1508 2767 lte
1600 2707 1601 2758 ἐ

341 2810 397 2870 hoe
420 2811 612 2891 epigramma
636 2810 747 2891 edidit,
1600 2809 1601 2814 ’

543 2930 687 3013 Lupduai
708 2934 739 2994 r'n
762 2935 907 2994 memorio
928 2936 1127 3016 pomeriorum.

493 3035 550 3096 Hie
570 3036 683 3116 pernici
700 3034 819 3117 fratres
842 3037 939 3098 iuncti
958 3036 1033 3098 dant
1053 3035 1189 3098 membra
1210 3034 1392 3116 sepulchris.

544 3153 618 3218 petes
641 3139 745 3200 iunmit
766 3140 918 3214 meritum,
943 3141 1129 3201 consociavit
1149 3138 1269 3200 44444444.

491 3242 626 3321 pernice
647 3239 809 3304 borbon'ee
830 3243 905 3318 nati,
931 3241 985 3304 sed
1003 3241 1086 3323 sente
1108 3244 1210 3304 renati

544 3342 620 3404 dont
641 3345 776 3406 animam
798 3346 891 3422 coele,
916 3345 993 3406 dant
1013 3363 1073 3407 sna
1094 3345 1229 3407 membro
1251 3344 1324 3407 sale.

492 3445 618 3507 advenit
638 3447 734 3529 sapile
752 3450 840 3527 patri
860 3465 928 3510 444444
950 3449 1075 3530 conr'upe
1097 3449 1206 3526 44444444,

543 3548 668 3632 desnnpi
687 3549 771 3612 haud
793 3551 882 3612 drrbie
904 3553 958 3632 qni
977 3551 1100 3614 4444444444
1119 3552 1222 3632 prins.

492 3651 545 3714 4444
566 3651 653 3714 dolor
674 3659 720 3714 444
739 3655 853 3716 nimine
877 3654 995 3716 Christo
1017 3654 1191 3716 moderante
1208 3653 1377 3734 serendus:

543 3754 644 3816 arbeti
663 3773 723 3816 non
745 3764 827 3832 eunt,
853 3756 934 3818 deae
955 3757 1063 3820 dedere
1085 3758 1150 3820 deo.

337 3894 434 3937 versu
456 3877 550 3936 tertio
566 3876 778 3939 Buechelerus
796 3876 876 3958 sorte
898 3877 1063 3939 verissime
1086 3877 1119 3938 in
1139 3875 1222 3959 sonte
1243 3877 1390 3940 mutavit.
1425 3891 1509 3937 versu

338 3979 449 4058 quinto
472 3979 596 4040 lliesius
618 3979 713 4061 eapite
735 3981 855 4040 noterit
878 3981 1030 4060 inanique
1053 3981 1234 4062 suspicione
1256 3979 1353 4043 subito
1380 3979 1509 4057 adserit»

337 4081 389 4142 sit.
436 4079 693 4162 adgnoscendum
715 4091 784 4146 eret
806 4083 939 4166 Sapilae.
987 4082 1152 4146 barbarico
1173 4084 1319 4165 germine
1340 4093 1429 4145 natos
1449 4081 1509 4160 epi-

338 4201 477 4263 gramma
493 4183 571 4246 dicit
593 4186 664 4248 eius
679 4185 770 4264 filios,
796 4187 920 4266 Segilee
941 4196 1047 4249 eutem
1070 4202 1185 4248 nomen
1203 4187 1363 4249 hominem
1386 4205 1425 4248 ex
1439 4185 1508 4246 Ger·

338 4304 502 4348 manorum
530 4289 636 4368 eliqua
658 4299 752 4370 gente
775 4289 911 4369 predere
932 4288 1071 4352 videtur.
1119 4289 1254 4351 liliorum
1282 4289 1410 4352 nomin
1434 4285 1508 4350 head

280 4405 328 4454 444
338 4388 436 4452 dubie
460 4379 640 4472 per¹scripte
667 4400 759 4454 erent
782 4395 814 4454 in
837 4394 928 4455 titulo
950 4411 1042 4474 prose
1071 4394 1210 4456 cretione
1232 4403 1397 4474 concepto,
1422 4409 1506 4472 quen

337 4494 442 4555 omisit
464 4495 518 4574 qui
542 4509 669 4560 cermen
693 4496 855 4577 excripsit.
1529 4482 1532 4486 ⁴
