3156 5132
344 403 418 475 370
742 417 785 479 Ex
808 434 905 479 arur
928 416 1137 478 Bmotraeuer.

344 610 453 672 latere.
501 608 630 690 scripsit
643 605 803 670 brnobius
824 607 854 670 si
874 625 917 670 aa
938 603 1053 670 duobtts
1073 603 1256 688 succedes
1277 623 1326 668 rer
1345 622 1503 667 sacrosan

344 731 419 774 cens
442 730 535 789 eoru,
560 720 609 775 set
631 711 773 794 locuples.

430 816 538 897 Inepta
572 816 687 897 partim
717 824 792 877 sunt
814 833 895 895 quae
920 815 952 876 in
976 812 1087 876 eodem
1111 812 1193 875 libro
1216 830 1286 895 cap.
1305 811 1341 871 48
1364 811 1505 892 leguntur,
1569 799 1570 860 ἒ

343 922 372 982 si
393 920 472 982 em‘m
494 918 617 981 bonores
640 926 669 981 et
690 919 879 980 reverentiae
901 934 997 980 causa
1018 923 1194 980 mactentur
1216 916 1277 979 dir's
1298 914 1423 991 bestiae,
1451 914 1509 996 prid

344 1022 438 1105 refert
460 1029 514 1084 cut
535 1022 661 1084 interest
681 1023 768 1084 cauus
792 1021 936 1083 animalis
952 1039 967 1082 e
982 1022 1079 1102 capite
1094 1021 1200 1083 luatur
1214 1018 1268 1082 boo
1282 1018 1419 1094 debitum,
1439 1019 1510 1080 atros
1569 1057 1570 1062 κ

344 1127 395 1188 irc
417 1126 597 1208 offensioque
615 1128 774 1206 pecator?
796 1145 838 1187 ao
860 1123 1008 1206 numquid
1030 1124 1159 1186 αιιενίιιε
1181 1124 1275 1186 alteri
1295 1125 1391 1185 micres
1411 1123 1512 1206 gratior

344 1237 372 1292 ct
394 1229 556 1292 iucundior
577 1230 704 1312 coaptis
727 1235 781 1308 est,
808 1229 900 1290 alteri
921 1245 992 1289 vero
1015 1227 1145 1290 ulterius
1160 1226 1343 1308 voluptutem
1357 1225 1514 1308 infundite
1569 1227 1570 1280 t

342 1331 512 1416 goudium?
540 1329 597 1394 sed
627 1350 690 1394 non
721 1333 827 1394 minus
857 1333 965 1412 inepte
995 1339 1069 1393 sunt
1099 1348 1181 1410 quae
1204 1340 1239 1393 ut
1262 1347 1410 1410 perversa
1430 1329 1512 1390 oratic

344 1437 557 1516 corrigeretur
579 1435 715 1516 proferri
738 1434 888 1497 vidimus.
937 1435 1037 1496 veluti
1059 1433 1114 1514 qui
1129 1451 1235 1514 nuper
1249 1431 1441 1494 confidenter
1453 1449 1514 1511 pre

344 1538 502 1602 nuntiavit
524 1539 625 1600 micus
649 1547 718 1619 post
739 1538 886 1621 goudium
903 1535 1114 1600 traiciendum
1130 1553 1200 1598 esse
1217 1554 1280 1598 non
1296 1533 1511 1607 animadvertit,

344 1639 429 1723 quod
451 1650 555 1703 temen
580 1641 613 1702 in
636 1642 801 1723 propatulo
824 1651 909 1720 erat,
942 1638 1068 1702 obstare
1092 1641 1121 1700 ci
1145 1639 1287 1721 opinioni
1310 1637 1427 1718 duplex
1447 1634 1512 1698 illud

344 1763 407 1825 quo
429 1741 590 1806 brnobius
613 1763 690 1808 usus
714 1754 763 1807 cst
785 1745 887 1821 alleri,
913 1762 975 1824 quo
998 1751 1123 1806 servate
1145 1742 1314 1804 traiectum
1336 1743 1433 1804 micus
1452 1759 1513 1802 sen-

343 1850 477 1910 tentiam
489 1847 585 1909 elficit
597 1846 779 1910 absurdam.
813 1846 1019 1910 scribendum
1032 1845 1429 1926 estoooumquidalteriue
1440 1843 1516 1906 otoo
1569 1841 1570 1934 4

343 1970 460 2014 munus
490 1952 609 2032 gratius
637 1959 666 2014 et
692 1951 863 2014 iucundius
892 1952 1019 2034 scoptcis
1041 1957 1096 2026 est,
1122 1949 1219 2012 cuca·
1235 1966 1308 2012 vero
1330 1949 1453 2011 admits
1471 1965 1513 2007 oe

344 2055 489 2137 luptctem
518 2053 654 2136 infundit
680 2061 709 2116 et
735 2055 907 2138 gaudium?
941 2063 1106 2136 postquam
1137 2054 1238 2114 micus
1267 2052 1385 2115 semum
1414 2061 1460 2114 est
1482 2067 1512 2110 er

345 2176 455 2220 munus
478 2177 540 2220 non
564 2159 681 2220 mirum
704 2167 752 2220 est
774 2158 898 2238 reliqua
921 2159 1016 2219 etiem
1038 2154 1138 2218 verba
1160 2155 1335 2236 depravata
1355 2144 1443 2218 εεεε.Ι
1569 2173 1570 2240 t

304 2279 334 2326 tt
430 2263 492 2322 XL.
510 2261 766 2324 Bartholomaeus
778 2261 908 2342 Kopitar
918 2257 1405 2322 announcccxxxrxilindobonae
1416 2257 1511 2320 librum
1569 2245 1570 2328 ξ

345 2363 447 2427 edidit
469 2383 574 2445 quem,
601 2373 636 2428 ut
658 2363 780 2428 solebat
802 2363 959 2427 mirabilia
982 2363 1168 2440 consectari,
1195 2362 1237 2424 ita
1253 2363 1426 2443 inscripsit,
1451 2361 1511 2420 ‘llc-
1569 2413 1570 2430 ,

345 2468 446 2549 sychii
461 2467 676 2549 glossographi
693 2466 869 2548 discipulus
886 2478 917 2530 et
932 2459 1167 2550 ἐπιγλωσσιστής
1182 2465 1303 2528 Russus
1319 2466 1351 2526 in
1367 2467 1435 2546 ipsa
1448 2465 1511 2525 Con·
1569 2455 1570 2550 ]

345 2571 549 2652 stantinopoli
565 2590 628 2633 see.
647 2571 808 2633 sur—rur)
833 2572 866 2632 in
882 2589 919 2632 eo
935 2569 1017 2632 libro
1035 2587 1069 2649 p.
1089 2569 1128 2628 65
1145 2588 1188 2631 ex
1202 2567 1310 2631 codiee
1327 2569 1511 2631 Laurentiano

345 2673 464 2738 saeculi
480 2693 533 2754 ru,
560 2675 615 2755 qui
638 2683 766 2755 praeter
787 2675 848 2736 alia
869 2672 1062 2755 Apollinaris
1078 2672 1201 2735 Sidonii
1224 2673 1376 2753 opuscula
1397 2672 1511 2734 cnunc

345 2789 378 2843 et
405 2798 423 2841 a
453 2777 607 2842 Bandinio
637 2775 714 2838 eod.
747 2779 813 2839 Lat.
832 2796 854 2838 u
879 2796 910 2857 p.
929 2777 991 2837 364
1022 2783 1284 2838 commemoratus
1315 2785 1382 2852 est,
1412 2771 1511 2837 duode

345 2883 457 2964 viginti
480 2901 593 2946 versus
615 2881 720 2943 attulit
734 2899 753 2942 a
768 2880 861 2942 Furia
880 2898 987 2942 secum
1003 2879 1260 2941 communicatos.
1301 2879 1443 2960 inscripti
1456 2883 1510 2939 sunt
1569 2909 1570 2974 ,

345 2988 378 3049 in
409 2985 515 3048 codice
546 2986 607 3064 ita,
641 2984 779 3066 Epistola
807 2985 888 3066 regis
909 2978 1086 3044 Avaromm
1115 2981 1233 3046 directo
1260 2981 1303 3044 nd
1325 2984 1510 3064 imperatorer
1569 2979 1570 3058 4

345 3093 561 3152 Romanorum.
609 3089 733 3169 putavit
762 3105 797 3150 se
827 3105 884 3150 eos
913 3105 1026 3149 versus
1055 3087 1194 3167 primurn
1225 3085 1402 3167 divulgare.
1445 3081 1511 3164 atqu

345 3193 496 3273 leguntur
512 3193 544 3253 in
557 3191 686 3273 Corippi
697 3189 858 3253 Laudibus
870 3190 981 3252 lustini
997 3189 1129 3252 minoris
1145 3189 1227 3250 libro
1238 3207 1272 3251 m
1289 3188 1365 3252 inde
1380 3209 1398 3252 a
1413 3207 1441 3250 v.
1455 3184 1510 3250 iil.

345 3293 385 3357 ad
415 3315 494 3377 quos
517 3294 646 3377 Corippi
669 3313 781 3358 versus
803 3293 960 3374 Fogginus
984 3291 1148 3355 adnotavit
1170 3292 1272 3354 liliam
1293 3294 1440 3356 Vinctum
1460 3305 1511 3352 cer·

346 3395 487 3460 minibus
510 3396 632 3460 Sidonii
662 3417 680 3460 a
703 3417 738 3460 se
762 3395 908 3478 Lugduni
938 3415 1022 3459 anno
1037 3414 1121 3458 ιειιι
1145 3394 1242 3458 editis
1263 3414 1296 3477 p.
1315 3397 1379 3457 355
1401 3396 1510 3459 alioruin
1569 3423 1570 3493 ,

345 3510 510 3582 poetarum
533 3501 674 3563 earmina
696 3520 758 3564 non
781 3501 868 3563 nulla
892 3519 931 3562 ex
953 3497 1061 3562 ecdico
1084 3499 1275 3562 Santonensi
1295 3499 1457 3581 desumpta
1470 3493 1511 3558 ad·

346 3604 459 3667 iecisse
481 3613 577 3685 atque
601 3604 684 3668 inter
706 3623 744 3668 ea
766 3604 837 3666 illos
860 3601 1080 3684 duodeviginti
1105 3621 1217 3666 versus
1240 3621 1328 3666 esse:
1357 3603 1401 3664 ibi
1423 3600 1511 3664 codem

347 3708 399 3769 illo
428 3706 519 3770 modo
550 3727 612 3789 quo
635 3709 668 3770 in
691 3708 902 3771 Laurentiano
924 3705 1007 3768 libro
1030 3706 1175 3788 inscripti
1197 3715 1285 3768 sunt.
1332 3706 1456 3788 repetiit
1474 3717 1513 3763 eos
1569 3757 1570 3784 ,

347 3810 422 3873 inde
451 3811 704 3875 Elmenborstius
734 3829 805 3874 cum
829 3809 995 3872 Sidonium
1023 3827 1107 3872 anno
1122 3827 1244 3872 uncxvu
1275 3808 1387 3874 ederet
1409 3830 1438 3890 p.
1454 3806 1510 3868 est.
1569 3827 1570 3846 ι

347 3915 531 3995 conspirant
553 3926 659 3978 autem
681 3934 762 3996 quae
785 3915 918 3976 Vinetus
940 3911 1030 3976 dedit
1053 3914 1086 3974 in
1109 3913 1273 3995 plerisque
1295 3911 1442 3975 omnibus
1459 3925 1512 3970 cun
1569 3901 1570 3956 ἶ

347 4017 429 4080 libro
444 4019 665 4099 Laurentiano,
686 4018 773 4082 nullo
789 4016 920 4098 quidem
936 4015 1130 4079 emendandi
1147 4017 1298 4079 carminis
1313 4015 1511 4079 emolumento.
1569 4031 1570 4066 r

348 4122 417 4204 ipse
446 4122 506 4185 etsi
536 4122 615 4184 hece
638 4142 674 4184 eo
697 4121 811 4204 protuli
835 4139 877 4183 nc
900 4119 994 4182 fallax
1016 4121 1115 4202 ignoti
1138 4120 1293 4202 poematis
1316 4119 1437 4200 speeies
1453 4115 1513 4178 alios
1569 4103 1570 4162 Ῑ

348 4225 470 4307 pariter
491 4233 587 4306 atque
611 4226 792 4307 Kopitarem
815 4223 990 4305 deciperet,
1016 4233 1088 4286 utar
1109 4231 1216 4286 tamen
1239 4223 1298 4285 bac
1320 4223 1472 4285 occasione
1489 4223 1513 4278 ut
1569 4243 1570 4256 ι

230 4391 232 4396 ,
348 4349 388 4392 ex
417 4327 690 4410 depravatissimis
712 4329 841 4410 Corippi
862 4326 1012 4402 vversibus
1033 4346 1134 4390 uuum
1156 4336 1241 4390 certe
1264 4325 1439 4390 emendem.
1479 4319 1513 4380 le

348 4429 505 4494 hunnidos
520 4451 550 4494 rr
567 4430 647 4494 4074
672 4432 826 4514 seriptum
850 4441 898 4493 est
920 4431 1025 4494 cecidit
1045 4431 1193 4512 resupino
1208 4429 1324 4493 doctos
1342 4431 1414 4492 Cum
1425 4423 1511 4511 gotald

351 4537 480 4602 Gaetulo
502 4553 657 4621 supraque
679 4534 818 4598 cedentes
842 4535 976 4598 Scroico
997 4535 1077 4598 laco
1100 4536 1174 4598 rur't.
1221 4534 1386 4598 Belrkerus
1406 4543 1509 4594 venun
