3178 5136
529 366 745 428 Ceutronum.
1157 349 1231 422 539

62 557 152 618 minus
178 554 327 618 adcurate
350 555 477 635 Syenen
505 572 741 618 conmemorare
771 573 848 617 eum
866 551 1229 634 deberetbethiopiam.

59 660 178 739 pretiosa
199 657 317 738 Syenae
345 665 449 732 terra,
488 657 593 719 idest
616 656 719 719 ebeno
742 659 897 737 pretiosa,
929 656 1049 719 dictum
1073 665 1120 718 est
1142 656 1233 718 simi-

60 761 122 822 liter
141 769 233 841 atque
249 759 357 822 Ovidii
380 758 461 822 illud
482 761 542 840 Ep.
568 779 608 823 ex
631 762 725 823 Ponto
740 778 775 821 ιιι
790 760 809 821 8
826 759 845 820 5
868 778 923 822 aec
945 769 1047 822 tamea
1068 759 1143 822 baec
1165 759 1230 821 ioca

60 870 121 924 suat
145 863 205 924 uilo
230 864 368 943 pretiosa
395 861 527 924 metatio.
575 862 790 925 confitendum
820 873 869 925 est
897 864 995 924 multa
1025 863 1142 924 rectius
1170 861 1233 924 dici

59 964 169 1026 ebenum
191 966 288 1046 Syene
310 973 409 1040 creat,
435 965 521 1046 quod
543 975 650 1028 contra
672 973 791 1027 acturo
813 967 930 1028 creavit
952 966 1163 1028 rectissimum
1187 975 1234 1027 est

60 1067 109 1128 sed
129 1068 309 1130 meminisse
332 1076 456 1149 oportet
478 1069 581 1147 qualis
604 1068 752 1149 loquatur
773 1077 875 1148 poeta.
922 1069 980 1131 sed
1003 1067 1104 1143 idem,
1130 1085 1234 1149 quan-

59 1171 164 1232 tumvis
190 1171 265 1232 licet
293 1169 391 1232 inerit
420 1168 510 1232 rudis
536 1180 568 1232 et
590 1170 754 1248 inficetas,
786 1189 859 1232 mox
881 1189 943 1233 non
967 1172 1069 1251 potuit
1091 1169 1234 1233 scribere

58 1292 154 1355 mepoo
176 1273 322 1354 depressa
345 1274 376 1333 iu
398 1275 532 1352 murice,
562 1273 685 1336 nullum
707 1282 813 1336 autem
835 1272 1029 1335 adieetivum
1052 1274 1157 1353 aptius
1179 1262 1233 1334 est¹

58 1393 142 1454 quam
171 1376 270 1458 cipro.
318 1374 459 1456 deniqne
489 1386 575 1437 certa
605 1385 653 1438 est
682 1377 786 1456 quarti
815 1395 928 1438 versus
950 1376 1146 1454 emendatio,
1177 1376 1295 1438 abiete

58 1486 141 1540 tetros
163 1480 196 1540 in
220 1486 310 1540 atrae
333 1478 520 1541 mutandum
543 1497 614 1541 esse
637 1477 781 1559 adparet.

132 1582 169 1642 X.
195 1581 296 1661 Ignoti
319 1590 431 1660 poetae
447 1581 580 1643 Sodoma
595 1601 627 1642 ιι.
648 1582 737 1642 tiss.
762 1577 804 1660 (in
820 1580 1013 1643 Tertulliano
1028 1581 1157 1644 oehleri
1174 1591 1196 1642 ι.
1213 1601 1234 1642 ιι

56 1703 83 1762 p.
101 1683 168 1766 774)
196 1681 253 1768 [ia
274 1684 409 1746 Harteiii
431 1683 583 1764 Cypriane
606 1692 627 1745 t.
645 1707 686 1746 ιιι
703 1702 735 1764 p.
753 1680 855 1765 289.]
866 1689 868 1696 ’

200 1787 297 1868 effero
319 1788 463 1849 tumeries
486 1787 560 1864 iilic,
585 1788 711 1849 inimico
729 1786 870 1868 pudoris,

200 1891 303 1952 iastor
326 1891 401 1973 lepis
423 1898 501 1965 erat,
523 1890 644 1973 superet
666 1908 760 1972 paam
778 1891 939 1970 praescius
961 1889 1076 1970 baspes,

200 2000 272 2055 oute
293 1993 342 2054 vei
365 1993 407 2054 cd
430 1991 586 2072 Scythicos
609 1993 657 2054 aei
679 1993 763 2073 opud
785 1992 942 2055 Busiridis
965 2009 1042 2054 oras

199 2103 352 2176 eoeaptaas
372 2113 429 2176 per
452 2113 545 2158 sacra
566 2115 668 2158 aecem
689 2114 856 2178 caesusque
880 2115 1019 2158 cruorem

196 2197 330 2279 suadere
351 2197 532 2278 Bebrycium
554 2207 582 2260 et
603 2198 730 2280 Libycas
752 2200 870 2260 satiare
889 2200 1065 2280 palaestras

200 2308 329 2383 anteque
350 2301 399 2362 vel
423 2301 551 2362 Circaea
573 2320 669 2364 novos
689 2321 747 2383 per
765 2301 877 2382 pocula
895 2300 1016 2382 formos

200 2421 321 2466 sumere
343 2421 436 2484 quam
458 2405 574 2466 laesum
598 2404 734 2467 Sodomis
758 2406 897 2466 amittere
919 2423 1040 2466 semum.

53 2525 108 2566 non
133 2515 237 2587 potest
260 2505 323 2567 dici
345 2504 535 2587 Bebrycium
558 2525 701 2568 cruorem
726 2506 861 2569 fundere
885 2507 940 2588 qni
962 2506 1003 2567 ab
1025 2504 1142 2589 Amyco
1165 2527 1238 2570 eae-

53 2607 144 2671 ditur.
191 2607 400 2671 scribendum
423 2619 471 2672 est
493 2609 563 2670 sine
579 2608 776 2671 dubitatione
793 2617 944 2690 acceptans
956 2627 1014 2690 per
1029 2628 1122 2672 sacro
1137 2629 1237 2672 aecem

52 2721 219 2792 caestuque
241 2729 381 2774 eruorem
397 2711 535 2774 Fundere
550 2711 703 2793 Bebrycio
726 2720 755 2773 et
768 2711 895 2792 Libycos
915 2713 1033 2773 satiare
1045 2714 1234 2792 palaestras.

52 2813 143 2876 Statio
159 2815 241 2876 sttv.
260 2833 289 2874 ιι
304 2813 323 2873 5
341 2814 380 2875 28
396 2813 563 2894 Bebryciae
585 2815 718 2895 crepitus
740 2812 877 2874 babeaae
892 2813 1090 2876 Schraderus
1105 2814 1236 2895 pulchre

53 2919 196 2981 restituit.
245 2934 304 2997 per
325 2915 453 2996 limaces
473 2917 652 2998 palaestras
673 2914 814 2978 Antaeus
837 2917 1044 2996 significatur.

131 3021 167 3081 ln
190 3019 303 3082 eodem
326 3019 466 3080 carmine
490 3038 520 3080 ιι.
540 3020 574 3079 84
604 3029 689 3100 patet
711 3017 918 3082 scribendum
933 3038 1003 3080 esse
1020 3027 1149 3103 tempere
1164 3039 1239 3083 mom

51 3138 102 3200 atto
125 3123 186 3184 iam
210 3121 351 3184 tenebras
374 3122 578 3185 conscindere
601 3130 734 3202 temptat.
781 3122 898 3202 legitur
920 3123 1169 3204 consceadere*).

130 3226 184 3286 xl.
213 3222 456 3286 Commodianus
479 3225 573 3286 lustr.
591 3244 613 3286 ιι
630 3226 671 3288 22
689 3225 726 3286 43

202 3328 236 3389 ia
257 3345 403 3408 supremo
425 3325 509 3388 aedis
531 3329 647 3390 iniusta
670 3329 760 3390 lucra
782 3327 944 3405 caedendo,

201 3437 348 3512 streperet
370 3448 439 3491 caat
461 3429 601 3492 domiuus
624 3431 787 3513 uuicuique
809 3431 904 3492 eitum
927 3430 1084 3506 diurnam,

203 3540 353 3615 cooperiet
375 3533 476 3594 aleas:
501 3541 533 3594 tu
555 3531 627 3594 berre
649 3535 753 3594 viuere
774 3551 897 3616 quoue,

202 3643 232 3698 et
253 3635 303 3698 dei
323 3654 376 3697 eor
398 3636 537 3698 coeamus
560 3653 631 3718 opes
653 3653 747 3716 saper
769 3637 872 3698 amaia
894 3637 999 3697 victor.

202 3756 258 3800 aec
281 3739 361 3800 euim
383 3737 448 3800 dieo
471 3744 505 3799 ut
527 3745 553 3799 te
576 3738 608 3798 ia
632 3739 722 3800 trivio
745 3739 878 3814 tinnites,

203 3859 272 3903 cum
293 3859 349 3922 pro
372 3840 421 3901 die
443 3847 492 3902 tao
514 3841 638 3924 vipiius,
664 3841 730 3902 siae
748 3839 863 3920 fraude
885 3841 1025 3902 vivendo.

50 3979 140 4025 versu
169 3961 272 4024 altero
302 3968 448 4044 sapuerat
475 3961 607 4041 scripsi,
640 3979 712 4022 cum
734 3969 875 4042 supperet
895 3962 1084 4022 sententiam
1108 3962 1239 4025 turbare

51 4065 228 4128 videretur.
275 4081 343 4126 cam
365 4062 450 4145 quod
474 4063 506 4124 in
529 4063 686 4145 principio
708 4063 810 4124 ultimi
834 4082 928 4143 quem
952 4062 1106 4147 adscripsi
1126 4084 1240 4130 verens

50 4217 253 4232 ᾔ

130 4305 155 4368 *t
178 4303 307 4371 [Babibet
330 4303 412 4352 eadee
434 4303 572 4352 Vossianus
594 4303 674 4365 (tet,
700 4307 744 4366 out
764 4305 855 4366 pactio
877 4307 964 4353 attam
986 4305 1171 4367 interpolatum
1195 4307 1240 4356 boc

48 4405 150 4442 cumaea
160 4391 282 4454 praebet,
301 4403 326 4438 c.
344 4391 374 4438 47
387 4391 569 4452 astumque
585 4391 674 4451 (supra
690 4402 816 4439 rasuram
829 4403 845 4438 a
856 4403 938 4439 mauu
949 4393 1091 4442 recentiore
1103 4394 1127 4453 a)
1144 4404 1239 4442 cruore

49 4469 272 4532 Brebicibbticae;
292 4488 317 4524 a.
332 4478 363 4524 et
384 4473 509 4526 tenebras
529 4476 582 4524 iem
600 4474 734 4526 scindere.
737 4472 752 4540 J
