3178 5136
604 415 709 475 Vasta.
1179 395 1249 468 531

76 608 181 668 nilion
209 607 306 689 mopt's
340 606 400 666 isto
432 611 603 667 monerent
632 603 755 664 Platone
787 601 937 682 principe.
982 607 1052 681 post
1079 597 1254 663 Aristoteles

77 709 244 772 inlustravit
265 726 382 770 omnem
396 707 477 771 tnnc
499 707 618 770 civitem
640 707 672 767 in
687 704 869 786 disputando
885 705 994 780 town,
1019 703 1254 784 Heraclidesque

76 813 217 889 micres,
239 811 394 894 prosecttn
410 811 448 873 at
464 810 565 872 codem
582 809 714 871 Halone.
754 817 905 869 secuntur
920 805 1031 868 laudes
1046 805 1253 886 Theophrasti

74 915 247 977 Dicaearchi
270 915 422 976 Demetrii
445 913 601 975 Phalerei.
649 911 687 973 ot>
715 910 795 973 tnnc
820 909 975 990 familiam
1004 919 1052 970 est
1082 910 1114 971 in
1144 907 1253 970 codice

74 1017 211 1080 leidensi
233 1018 422 1099 antiquiore,
449 1017 482 1078 in
505 1016 604 1078 altero
626 1014 665 1076 ol>
687 1013 766 1075 lanc
785 1012 924 1093 familie,
950 1013 984 1074 in
1007 1030 1070 1073 non
1093 1012 1190 1074 nullis
1213 1011 1255 1073 cd

72 1120 145 1182 tnnc
163 1120 327 1201 familiam,
352 1122 385 1182 in
401 1119 616 1183 deterioribus
637 1118 802 1200 plerisque
824 1114 941 1178 abbae
960 1115 1093 1196 familia,
1120 1114 1152 1177 id
1168 1114 1255 1195 quod

72 1223 174 1284 multis
196 1223 325 1304 placuit.
362 1231 514 1304 putarunt
544 1223 628 1284 enim
651 1221 837 1301 pronomine
868 1220 944 1280 satis
974 1217 1108 1280 indicari
1132 1215 1255 1279 Acade-

72 1326 179 1387 miam:
206 1325 293 1406 quod
314 1326 383 1389 fieri
406 1327 494 1388 nullo
516 1326 567 1387 hie
587 1323 719 1406 quidem
741 1321 833 1384 modo
855 1323 969 1403 potuit.
1015 1339 1121 1403 neque
1144 1321 1257 1383 melior

71 1439 115 1490 est
129 1431 221 1491 Bakii
243 1430 349 1510 opinio
372 1429 449 1490 haec
471 1427 663 1506 adnotantis,
692 1425 741 1488 ‘alt
763 1425 831 1505 loc,
856 1427 878 1486 i.
898 1443 927 1486 c.
953 1443 1035 1505 quae
1058 1443 1144 1486 nunc
1169 1423 1256 1487 indi-

71 1531 200 1611 cabitur,
226 1532 337 1612 positis
358 1530 541 1595 nominibus
563 1530 709 1607 Plutonia,
735 1527 923 1608 Aristotelis,
949 1529 1099 1607 aliorum,
1129 1536 1165 1589 ut
1187 1537 1255 1589 tum

69 1633 257 1714 Academici,
282 1643 351 1696 lum
369 1633 568 1715 Peripatetici
591 1635 656 1696 sint
678 1630 897 1712 intelligendi)
929 1629 1142 1694 condonamus
1164 1631 1256 1711 prius

69 1746 126 1798 nin
150 1737 374 1818 neglegentius
399 1737 551 1800 scribenti
578 1737 662 1814 (nam
685 1743 819 1816 peccant
840 1734 988 1795 similiter
1009 1733 1165 1815 plurimi),
1198 1732 1256 1796 sed

69 1859 126 1902 non
155 1839 370 1902 condonamus
393 1839 478 1922 quod
507 1840 632 1921 putavit
655 1838 838 1900 Ciceronem
862 1847 894 1898 ct
923 1836 1062 1899 locutum
1091 1855 1161 1898 esse
1191 1847 1256 1898 tam

68 1945 215 2024 perplexe
243 1952 275 2005 et
296 1941 497 2006 Academicos
520 1943 808 2022 Peripateticosque
838 1940 932 2002 unius
961 1938 1098 2001 familiae
1127 1939 1256 2001 nomine

68 2047 346 2127 conprehendisse.
386 2049 495 2108 sanius
518 2045 578 2107 luit
600 2044 753 2107 iudicium
768 2045 895 2105 loannis
909 2043 1074 2122 Schelieri,
1102 2044 1158 2124 qni
1176 2043 1256 2104 scri-

69 2149 208 2212 bendum
231 2169 301 2212 esse
325 2150 459 2226 coniecit
482 2149 520 2211 nb
544 2147 725 2210 Academico
744 2145 878 2229 familia.
926 2157 1095 2209 tamenne
1125 2146 1159 2209 id
1183 2147 1257 2227 qui-

69 2251 136 2314 dem
154 2251 286 2333 probari
309 2261 430 2334 potest:
455 2271 530 2314 nam
553 2269 658 2332 neque
682 2269 718 2312 ex
742 2249 916 2312 academico
932 2245 999 2311 fleri
1015 2251 1155 2330 potuisse
1178 2248 1257 2310 banc

69 2355 218 2417 credibile
243 2366 291 2417 est
312 2375 418 2436 neque
442 2355 637 2436 intellegitur
659 2373 716 2416 our
732 2354 841 2416 Cicero
864 2362 928 2414 tam
952 2354 1096 2414 inutilem
1120 2354 1258 2414 circum-

69 2459 256 2521 locutionem
278 2459 409 2520 crationi
433 2458 569 2538 simplici
593 2468 625 2519 et
648 2457 749 2519 iustae
772 2457 969 2537 praetulerit.
1007 2455 1088 2516 nihil
1112 2459 1139 2518 is
1155 2457 1258 2536 scrip-

69 2563 105 2625 sit
127 2560 217 2624 aliud
241 2580 336 2643 quem
359 2561 397 2623 nb
420 2558 594 2623 Academia.
644 2560 729 2640 quod
758 2560 784 2620 si
812 2560 868 2640 qui
898 2561 978 2620 hanc
1006 2558 1257 2621 emendationem

69 2683 127 2727 non
150 2667 229 2726 setis
252 2666 357 2727 lenem
380 2663 536 2743 dixerint,
563 2681 644 2744 nego
667 2681 721 2724 eos
743 2663 857 2724 horum
880 2660 1033 2723 librorum
1056 2661 1258 2742 depravatio-

69 2786 137 2828 nem
161 2767 361 2848 pemovisse.
409 2765 583 2829 contribuit
613 2764 743 2827 fortasse
773 2765 894 2844 aliquid
917 2762 958 2825 ed
988 2783 1128 2825 errorem
1157 2767 1259 2846 scrip-

67 2879 130 2931 tum
153 2869 344 2948 cdtndemies,
371 2869 455 2950 quod
479 2888 574 2949 saepe
597 2869 774 2930 invenitur.

150 2973 217 3034 XC.
251 2974 391 3035 lustinus
412 2975 497 3033 xrxl
539 2973 627 3054 llcpc
659 2971 957 3054 Corttapiniensinm
995 2971 1161 3051 imperator
1191 2990 1258 3032 nene

66 3077 188 3154 primns
216 3077 349 3136 omniurn
379 3074 523 3136 ordinata
551 3074 716 3155 disceptione
744 3075 874 3136 militari
903 3073 1063 3153 imperinm
1094 3075 1259 3135 Poenorum

69 3179 250 3240 condidisset
272 3181 414 3260 viresqne
436 3179 567 3240 civitatis
589 3197 651 3239 non
672 3179 774 3239 minus
797 3175 932 3239 bettnndi
952 3184 1021 3239 arte
1035 3195 1125 3258 worn
1148 3179 1261 3240 virtute

66 3283 237 3361 firmasset,
263 3281 342 3343 dien
361 3281 517 3363 scopitur,
542 3281 656 3343 relictis
678 3280 796 3343 dnobm
823 3281 897 3360 filiis
919 3275 1092 3342 Asdrubale
1114 3289 1141 3342 et
1163 3277 1259 3342 Amit-

68 3403 151 3462 cure,
179 3387 234 3465 qui
257 3403 316 3464 per
338 3385 465 3466 vestipic
491 3391 641 3465 paternae
668 3385 791 3446 virtutis
813 3383 1009 3446 decurrentes
1038 3385 1130 3446 sicuti
1156 3387 1262 3466 penest

69 3489 106 3549 ite
130 3496 159 3550 et
183 3487 391 3570 mnpnitndini
407 3489 511 3568 petris
534 3496 755 3549 successerunt.
804 3505 866 3548 non
890 3496 993 3567 potest
1017 3486 1085 3549 lieri
1112 3497 1147 3548 ut
1170 3489 1259 3567 quis—

70 3607 163 3668 quam
189 3589 272 3652 filius
294 3591 394 3670 patris
416 3590 465 3651 sui
488 3587 637 3651 succedat
660 3590 781 3670 generi.
818 3589 945 3669 scripsit
968 3589 1108 3651 lustinus
1131 3591 1185 3670 qni
1203 3609 1261 3670 per

69 3695 198 3775 vestipia
216 3699 366 3773 paternae
388 3694 512 3754 virtutis
534 3693 729 3754 decurrentes
760 3693 852 3755 sinedi
877 3710 994 3772 genere
1017 3693 1060 3754 ito
1083 3701 1110 3754 et
1137 3694 1261 3772 magni-

69 3795 182 3857 tudine
204 3796 287 3876 patri
311 3802 533 3857 successerunt.

152 3898 233 3960 XCI.
267 3898 521 3960 soliassum
545 3897 564 3958 7
590 3898 651 3957 tto

342 4017 396 4062 sen
419 4019 532 4082 mopnc
553 4017 642 4062 socer
664 4008 693 4062 ct
713 4000 865 4083 superbus
887 3999 998 4061 umbro

341 4103 440 4165 nescis
467 4105 618 4165 Tartaron
641 4111 669 4164 et
687 4103 798 4184 prccnl
819 4111 978 4166 nocentum

343 4205 434 4268 endis
457 4205 587 4267 vnlnere
608 4205 818 4288 pottidnmqne
840 4209 909 4268 vrso

341 4311 451 4371 matris
475 4309 617 4390 lampade
638 4310 767 4390 respicis
789 4311 950 4370 Neronem.

72 4413 239 4475 verissime
254 4412 457 4475 Marklandus
480 4415 511 4473 in
535 4429 588 4474 sen
610 4414 745 4474 mnmvit
760 4411 846 4493 quod
869 4412 1021 4491 scriptum
1039 4421 1106 4472 erat
1121 4419 1165 4473 tn.
1205 4413 1262 4473 ba-

74 4515 180 4578 buisse
204 4523 238 4578 tn
260 4524 403 4578 veterem
426 4514 560 4596 librum,
593 4525 628 4578 ut
658 4514 777 4578 babent
806 4515 1002 4596 apographa,
1036 4523 1157 4576 constet
1186 4515 1261 4576 mihi
