3156 5132
570 432 740 495 Αιιιιιιοιι.
1178 419 1244 490 341

70 635 181 688 morata
195 625 350 706 Apollonii
374 626 535 706 similique
552 626 682 686 Taetzae
699 625 959 704 interpretatione
976 624 1052 686 haec
1068 622 1156 702 dicit,
1179 623 1252 686 ‘sed

68 747 126 789 non
156 747 234 810 opus
262 738 311 792 est
341 729 403 792 huc
432 727 614 810 confugere.
660 727 817 812 προσεῖναι
847 727 898 789 hic
927 729 1056 810 ponitur
1084 737 1120 789 ut
1147 727 1254 790 adesse

66 829 146 910 apud
170 833 314 894 latinos)
360 850 442 912 quae
474 832 693 913 interpretatio
723 829 814 892 verbi
845 849 907 911 quo
937 831 1037 910 magis
1059 829 1195 911 quadrat
1217 850 1253 892 eo

68 935 168 996 minus
189 933 284 997 eredo
307 946 433 1017 poetam
456 933 604 1015 ambigua
627 935 726 997 forma
748 954 842 996 usum
866 953 936 996 esse
959 943 991 996 ot
1005 933 1093 996 aliud
1109 921 1252 996 voluisse¹

66 1037 250 1118 significare.
304 1049 410 1101 tamen
440 1058 502 1100 non
533 1057 664 1120 prorsus
692 1036 940 1101 adsentiendum
971 1046 1020 1098 est
1048 1037 1311 1100 lluhnlienio.2⁵²

67 1159 136 1202 nam
158 1143 213 1223 qui
236 1140 445 1224 perpenderit
466 1161 620 1204 summam
645 1141 729 1204 illam
752 1141 902 1203 orationis
917 1138 1174 1222 aequabilitatem
1190 1158 1253 1220 qua

67 1243 217 1308 Hesiodus
239 1244 321 1308 dixit
342 1240 393 1309 τὸν
416 1244 558 1330 φιλέοντα
581 1243 678 1330 φιλεῖν
701 1255 733 1308 et
755 1238 806 1306 καλ
828 1240 919 1327 δύμεν
942 1235 975 1314 ὃς
998 1265 1047 1308 κεν
1072 1244 1116 1330 δῷ
1138 1237 1252 1328 καὶμὴ

67 1339 153 1431 δύμεν
176 1339 208 1420 δς
230 1371 282 1412 κεν
305 1343 345 1432 μδ
370 1349 424 1434 δῷ,
451 1368 514 1410 non
538 1347 708 1426 dubitabit,
735 1349 857 1429 opinor,
883 1367 956 1410 eum
979 1350 1073 1410 etiam
1097 1349 1128 1409 in
1152 1348 1253 1410 altera

67 1453 178 1530 prioris
206 1453 357 1516 versiculi
387 1461 478 1534 parte
507 1471 568 1514 non
600 1451 663 1514 duo
686 1448 801 1530 verba,
834 1450 892 1513 scd
916 1450 1000 1513 idem
1023 1451 1073 1514 his
1097 1451 1249 1532 posuisse.

68 1555 169 1636 itaque
191 1556 271 1618 nihil
294 1555 424 1636 quidem
447 1553 601 1618 adsevero
628 1553 744 1635 (neque
767 1555 894 1615 omnino
918 1555 947 1616 ei
968 1555 1024 1636 qui
1040 1555 1166 1617 Hesiodi
1183 1573 1252 1616 car-

30 1683 34 1694 *
67 1659 145 1719 mina
168 1667 280 1721 tractat
303 1658 436 1721 multum
460 1657 715 1720 adseverantium
738 1659 812 1741 ost),
838 1656 895 1721 sed
918 1667 993 1739 puto
1017 1667 1122 1720 tamen
1137 1658 1252 1720 tollen-

66 1759 136 1822 dum
167 1781 237 1826 esse
266 1763 380 1825 vitium
410 1761 502 1825 valde
532 1763 699 1844 antiquum
728 1759 999 1845 seribendumque
1030 1756 1079 1826 τδν
1110 1759 1252 1846 φιλέοντα

65 1865 156 1946 φιλεῖν
180 1861 232 1929 καλ
253 1866 297 1950 τῷ
319 1864 474 1951 προσέοντι
496 1865 661 1952 προσεῖναι,
688 1873 840 1928 amantem
855 1884 962 1927 amare
977 1873 1004 1928 et
1022 1867 1117 1947 etqui
1127 1873 1252 1947 praesto

66 1976 104 2031 est
124 1987 189 2034 csse
209 1977 343 2052 praesto.

146 2075 213 2136 Non
242 2073 349 2135 minus
378 2083 484 2135 autem
514 2091 609 2154 quam
638 2070 795 2158 προσεῖναι
824 2073 865 2134 ita
895 2072 1014 2134 dictum
1038 2082 1074 2134 ut
1103 2071 1188 2134 idem
1211 2074 1252 2134 sit

66 2186 154 2256 atquo
184 2175 262 2240 ἰέναι
292 2178 325 2238 iu
356 2175 488 2240 dubium
519 2177 596 2238 mihi
619 2177 707 2238 venit
730 2169 777 2259 εἴη
802 2175 887 2256 quod
910 2175 1105 2256 grammatici
1128 2176 1253 2256 aliquo-

66 2279 143 2340 tiens
171 2274 226 2342 ἷτιο
255 2279 308 2340 vel
335 2273 377 2342 ἰὀι
398 2279 577 2362 significare
598 2287 752 2342 statuunt.
800 2279 834 2339 ll.
854 2299 903 2340 ιιι
920 2278 980 2340 407
1005 2279 1082 2341 haec
1104 2279 1255 2360 legimus,

67 2382 111 2443 νδν
134 2376 162 2445 δ’
189 2376 237 2466 εἴη
259 2372 295 2453 δς
316 2381 409 2466 τῆσδέ
430 2377 462 2467 γ’
489 2377 633 2466 ἀμείνονα
658 2385 743 2466 μῆτιν
766 2379 890 2461 ἐνίσποι,
907 2375 950 2446 Ἢ
970 2381 1037 2454 νέος
1051 2376 1088 2466 ἠὲ
1102 2373 1248 2452 παλαιός·

68 2481 126 2566 ἐμοὶ
154 2485 187 2550 δέ
210 2507 261 2548 κεν
285 2480 407 2572 ἀσμένῳ
430 2481 488 2570 εἴη.
537 2485 692 2569 adscripsi
716 2503 811 2566 supra
835 2486 974 2548 scholion
998 2485 1152 2548 librorum
1175 2487 1252 2548 Bos-

69 2589 195 2652 sarionci
219 2598 251 2652 et
274 2590 465 2670 Lipsiensis:
498 2591 711 2653 victorianum
736 2589 793 2651 hoc
816 2599 874 2670 est,
900 2587 995 2653 ἔλθοι.
1044 2583 1061 2653 ‘o
1084 2586 1118 2652 δέ
1131 2579 1251 2673 Ἕκτορ

70 2689 248 2778 βαρβαρικῶς
276 2683 358 2756 “ὧδ’
395 2689 472 2756 ἔσται
495 2689 597 2778 Τρῶες
620 2684 869 2777 μεραλήτορεςι”
900 2711 981 2774 quae
1004 2694 1099 2755 stulte
1123 2702 1172 2756 est
1194 2712 1252 2754 ex-

70 2795 187 2872 plicatio
210 2796 544 2859 versusll.r111523.
592 2815 649 2858 our
671 2805 777 2858 autem
801 2791 848 2880 εἴη
873 2816 935 2858 nou
958 2794 999 2858 ab
1022 2791 1110 2874 εἶναι,
1137 2794 1195 2857 sed
1210 2795 1251 2858 ab

71 2895 140 2962 ἰέναι
168 2899 345 2962 deducatur
367 2900 454 2962 nulla
477 2910 659 2978 causaest,
691 2901 785 2962 immo
809 2901 841 2962 in
864 2901 1050 2981 paraphrasi
1073 2899 1115 2962 ab
1138 2900 1252 2962 lmma-

71 3004 155 3066 nuele
177 3005 324 3066 Bellero
355 3001 439 3066 edita
464 3013 549 3066 recta
572 3013 604 3066 ct
625 3003 762 3086 simplex
784 3005 902 3084 legitur
923 3003 1109 3084 explicatio,
1140 2999 1252 3068 τὰνῦν

72 3101 100 3166 δὲ
125 3105 239 3190 γένοιτο
267 3097 349 3177 ὅστις
378 3100 489 3190 ταύτης
517 3104 671 3192 κρείττονα
701 3101 872 3192 συμβουλὴν
896 3102 987 3188 εἴποι,
1021 3099 1250 3193 ἢνειύτεροςῆ

70 3205 244 3294 πρεσβύτης·
280 3202 462 3295 epotatio
485 3207 621 3296 χαίροντι
643 3203 785 3296 δτύρχοι.
830 3230 893 3272 non
916 3209 1071 3274 dissimile
1095 3211 1249 3292 estquod

72 3311 123 3373 Od.
143 3333 189 3375 ur
205 3317 266 3376 ttttt
290 3313 419 3394 dicitur,
445 3308 524 3378 ἄλλά
546 3337 590 3386 τις
612 3309 660 3398 εἴτ,
676 3309 779 3378 Elusio
800 3309 931 3400 Ἀτρεΐδῃ
945 3309 1151 3399 Ἀγαμέμνονι,
1178 3339 1250 3379 ποι-

73 3413 130 3494 μένι
151 3419 244 3495 λαῶν,
274 3413 313 3480 Εἰ
334 3415 463 3489 πλέονας
484 3413 569 3504 παρὰ
590 3421 698 3503 ναῦφιν
721 3413 892 3503 ἐποτρύνειε
914 3417 1048 3482 νέεσθαι.
1097 3421 1148 3480 hic
1171 3439 1251 3500 quo-

73 3537 126 3598 que
149 3517 194 3605 εἴη
219 3521 303 3584 idem
328 3541 399 3584 esse
423 3531 553 3603 putatur
568 3522 652 3603 quod
668 3517 721 3586 ἴοι.
768 3523 868 3586 veluti
883 3516 1039 3608 πορεύοιτο
1055 3522 1250 3604 adscriptum

74 3633 113 3684 cst
135 3625 165 3686 in
187 3626 324 3688 scholiis.
373 3645 435 3687 non
458 3645 537 3707 opus
561 3635 608 3688 est
631 3636 666 3689 ut
687 3626 774 3689 uliud
798 3627 969 3707 significari
992 3635 1139 3708 putemus
1155 3646 1250 3708 quam

73 3727 105 3786 sit
131 3729 239 3812 clt'quis
268 3731 322 3811 qui
349 3729 431 3792 dicat
454 3725 679 3813 Apcmemnonl.
728 3731 761 3791 in
792 3731 948 3794 infinitivo
978 3731 1062 3792 enim
1092 3731 1181 3793 nulla
1204 3742 1252 3794 est

75 3831 200 3894 ollensio.
248 3834 283 3894 ll.
303 3853 332 3895 ut
348 3835 410 3894 688
434 3829 491 3896 εἰσί
514 3827 565 3896 καὶ
587 3829 651 3897 οἵδε
673 3828 710 3896 τὰ
732 3832 868 3917 εἰπέμεν,
901 3829 933 3898 οἵ
954 3857 1005 3917 μοι
1027 3834 1146 3914 ἕποντο,
1173 3829 1251 3905 Αἴας

75 3929 115 3994 καὶ
135 3929 243 4022 κήρυκε
267 3931 339 4018 δύο),
366 3937 543 4021 πεπνυμένω
566 3927 668 4022 ἄμφω.
715 3955 769 4000 ιιιι
784 3939 847 4000 342
870 3932 957 4021 νηυσὶ
981 3935 1033 4021 μὲν
1056 3937 1088 4002 έν
1107 3936 1251 4024 μέσσῃσιν

76 4027 208 4124 ἇμονέμεν
231 4035 289 4104 εἰσὶ
311 4037 363 4103 καὶ
385 4031 484 4104 ἄλλοι.
532 4061 625 4123 porro
649 4062 710 4104 non
733 4043 806 4105 olim
823 4051 944 4106 tantum
961 4041 1168 4123 grammatici,
1193 4041 1251 4104 sed

76 4141 153 4203 etiam
183 4144 277 4206 hodie
307 4145 415 4223 multi,
449 4145 547 4208 veluti
576 4146 725 4208 Lehrsius
747 4148 877 4220 Quaest.
903 4165 955 4226 ep.
981 4167 1013 4227 p.
1033 4144 1106 4224 207,
1140 4143 1250 4207 eodem

78 4240 117 4304 illo
138 4247 225 4309 modo
249 4243 296 4331 εἴη
320 4249 480 4329 explicant
503 4249 538 4310 ll.
561 4269 627 4311 κκιι
646 4250 717 4310 139.
758 4249 907 4330 leguntur
930 4247 975 4309 ibi
999 4250 1087 4327 haec,
1111 4241 1180 4332 τῇδ’
1203 4241 1250 4332 εἴη

74 4331 101 4415 bg
119 4339 222 4414 ἄποινα
245 4350 335 4437 φέροι
356 4347 406 4416 καὶ
428 4347 532 4438 νεκρδν
556 4343 667 4436 ἄγοιτο,
695 4348 732 4416 Εἰ
756 4347 793 4437 δὴ
815 4346 963 4438 πρόφρονι
986 4351 1073 4438 δομῷ
1091 4345 1251 4434 Ὀλύμπιος

78 4441 151 4523 αύτδς
178 4446 302 4538 ἀνώγει.
350 4475 458 4518 eorum
488 4457 679 4518 sententiam
710 4456 829 4538 quibus
858 4449 926 4540 τῇδ’
957 4450 1005 4540 εἴη
1029 4474 1100 4518 csse
1122 4453 1252 4518 videtur

79 4549 110 4614 tto
127 4558 165 4620 sit
186 4567 270 4624 recte
296 4557 493 4644 repudiatam
510 4579 580 4625 osse
597 4567 673 4641 puto
688 4579 705 4622 a
721 4561 911 4624 Buttmanno
928 4561 960 4624 in
975 4559 1128 4643 ampliore
1145 4577 1251 4641 gram-
