3182 5132
319 377 396 479 4544
716 419 759 481 Ει
782 437 879 480 nsunt
893 416 1111 482 'Bauoauruusn

321 607 427 672 matriti
450 619 494 672 est
523 610 674 672 oratorem
704 609 752 671 oet
784 609 900 670 hirtam
934 619 1035 690 togam
1070 607 1197 725 induere
1225 624 1316 690 prom
1346 607 1451 689 [motis
1468 613 1490 666 ιι

320 703 499 775 meretrieiis
522 711 685 775 vestibus
676 708 835 792 insigniri.

333 820 338 836 ⁴
407 817 440 876 ln
465 812 576 878 eodem
595 809 726 895 Dialogo
748 817 817 896 oap.
836 815 876 876 32
899 819 1065 895 postquam
1094 813 1345 877 demonstratum
1367 822 1413 876 est
1430 829 1493 874 ora-

320 916 420 981 torem
444 917 566 1009 debere
588 915 736 980 omnibus
759 914 881 980 artibus
897 919 1087 981 instructum
1104 919 1235 981 asserio
1258 917 1411 1011 pergitur
1428 913 1494 997 pati

320 1023 395 1084 adeo
417 1009 584 1105 u‘epiep'ttnr
606 1017 644 1082 ab
665 1020 773 1082 horum
796 1029 962 1104 temporum
985 1021 1110 1084 disertis
1123 1024 1183 1084 ιιι
1171 1024 1203 1083 tn
1224 1015 1399 1084 aasentias
1397 1036 1493 1080 eorum

321 1129 367 1188 vis
390 1139 504 1207 qnoque
531 1121 700 1208 poenitent
721 1138 870 1186 sermonis
895 1121 999 1205 {beda
1015 1143 1052 1188 oo
1070 1120 1231 1207 putenm
1245 1123 1323 1188 titio
1344 1121 1493 1204 spatu-

320 1227 446 1308 dontnr‚
473 1230 507 1290 rit
529 1224 667 1311 ipnorent
689 1222 767 1311 tapes
788 1243 843 1289 nec
858 1221 1117 1291 teneantsenotrts
1138 1225 1287 1305 consalta,
1315 1225 1493 1289 instintione

321 1331 402 1394 uitro
425 1328 602 1410 derideant,
633 1328 801 1413 snpt'enttne
821 1342 901 1392 'vero
924 1328 1059 1394 studium
1082 1314 1110 1394 ιι
1127 1335 1292 1413 praecepto
1313 1329 1494 1412 prationem

318 1437 441 1516 penitus·
463 1429 669 1515 reformident.
710 1431 882 1515 depravata
906 1445 953 1496 est
976 1453 1012 1496 ea
1036 1437 1192 1496 sermonis
1219 1448 1297 1514 pars
1322 1435 1353 1494 in
1376 1449 1432 1512 qua
1453 1431 1492 1492 nia

321 1537 417 1599 habet
439 1536 592 1625 optimum
615 1535 842 1618 apographum,
868 1534 1074 1618 reliquatus.
1113 1554 1177 1600 non
1194 1535 1367 1600 defuerunt
1382 1533 1493 1615 quitis-

321 1647 451 1722 pravata
473 1635 630 1721 corrigere
654 1637 830 1720 studerent,
855 1656 961 1721 neque
984 1651 1091 1702 tamen
1106 1633 1244 1703 mentun
1267 1639 1422 1721 protritum
1436 1653 1492 1698 osso

322 1734 407 1824 quod
430 1743 498 1804 reri
523 1753 606 1805 esset
627 1741 743 1806 simite.
776 1759 850 1804 narn
869 1741 958 1824 'quod
980 1738 1193 1807 Halmius'uis
1215 1741 1267 1805 ‘vel
1291 1745 1342 1805 r'u‘s
1365 1743 1396 1802 in
1417 1740 1494 1800 tutos

322 1838 508 1909 mutandum
521 1848 602 1908 'asse
625 1834 750 1909 sensuit
769 1841 885 1946 malins
907 1862 983 1909 sane
1006 1849 1056 1910 'est
1076 1843 1216 1908 aliorum·
1231 1842 1425 1921 seminantis,
1446 1839 1493 1902 sert

321 1944 452 2012 additur
477 1947 667 2012 vocabulum
694 1959 780 2011 uerte
808 1937 871 2012 non
900 1950 1127 2012 necessarium.
1168 1963 1273 2030 neque
1303 1949 1401 2030 ipsius
1427 1946 1493 2008 scri-

322 2051 462 2115 bendum
494 2071 563 2115 esse
592 2061 685 2134 puto:
721 2068 837 2114 vereor
866 2051 951 2114 enim
978 2068 1021 2114 ne
1043 2055 1168 2116 Tacitus
1196 2051 1304 2148 potius
1332 2053 1399 2133 ipso
1425 2049 1493 2111 seri-

321 2165 436 2236 pturus
457 2153 568 2218 fuisset
591 2155 617 2216 si
640 2155 682 2216 ita
710 2149 882 2217 intendere
910 2155 1063 2218 voluisset
1089 2156 1194 2218 vitiosi
1224 2155 1381 2218 sermonis
1404 2152 1493 2214 notio

321 2277 406 2320 nem.
446 2258 523 2320 mihi
546 2256 633 2319 nulla
656 2259 791 2340 periisse
815 2257 943 2321 videtur
958 2257 1089 2340 syllaba,
1115 2252 1172 2320 sed
1189 2257 1334 2320 existimo
1350 2253 1491 2338 exoptirui

321 2361 509 2442 exemplaris
531 2361 647 2424 litteris
670 2361 747 2423 haee
775 2377 844 2423 esse
868 2359 1025 2439 iacienda,
1045 2365 1090 2424 ‘nt
1111 2363 1143 2422 in
1165 2357 1337 2424 actionibus
1359 2377 1493 2441 quorum-

321 2465 507 2544 viarumque
531 2463 677 2526 cotidiani
703 2466 851 2526 sermonis
882 2458 974 2545 forda
1002 2477 1040 2526 oa
1068 2463 1214 2545 portenda
1243 2461 1320 2526 vitia
1345 2461 1493 2546 deporten-

321 2555 448 2630 dontn'r.
475 2567 638 2630 nimirum
667 2565 838 2655 scripserat
867 2562 1017 2629 librarius
1050 2565 1167 2647 aliquis
1193 2565 1490 2652 communionemque.

322 2687 443 2750 exque
466 2687 571 2732 eornm
593 2689 642 2734 urs
665 2682 780 2770 natoque
802 2671 934 2752 proclivi
957 2685 1066 2732 errore
1089 2669 1206 2732 iactura
1225 2681 1285 2732 est.
1327 2683 1425 2733 centn
1446 2685 1493 2748 pro

321 2785 452 2856 quornm
471 2765 634 2856 scriptura
667 2771 898 2836 confirmabunt
923 2789 1008 2854 quae
1038 2771 1259 2836 ascomannos
1289 2771 1393 2836 doouit
1413 2773 1490 2833 Lurr.
1578 2821 1579 2850 .

322 2897 354 2957 p
373 2872 447 2937 220.
472 2890 582 2982 neque
604 2885 751 2960 quemque
771 2871 1001 2956 antiquissimis
1016 2882 1140 2938 tantum
1156 2875 1417 2959 inscriptionibus
1427 2893 1493 2956 pro·

322 2963 614 3076 primasium
645 2987 694 3040 est
723 2987 827 3042 autem
851 2972 988 3041 nimium
1008 2977 1087 3042 iiiud
1110 2979 1424 3063 quonamviscumqun
1446 2975 1492 3038 sod

321 3082 470 3190 eosvenit
492 3075 625 3144 ae'erbae
649 3073 794 3144 orationi.

379 3176 470 3245 vlt.
511 3181 545 3246 in
568 3181 705 3248 Ennodii
729 3186 787 3267 Ep.
807 3201 816 3246 ι
835 3185 868 3246 44
890 3206 921 3266 ρ
941 3185 980 3246 23
998 3185 1092 3248 Sirra.
1112 3183 1190 3249 haee
1211 3187 1374 3267 teguntur,
1397 3185 1495 3248 domiai

322 3285 404 3366 nint,
424 3285 626 3350 'salutationis
648 3285 747 3350 debito
769 3287 955 3370 effusissimo
975 3287 1143 3352 humilitate
1162 3291 1343 3371 personans
1355 3306 1456 3373 procu
1468 3292 1494 3348 ut

322 3385 443 3452 tondent
466 3385 630 3472 aliqnando
660 3409 720 3452 non
749 3391 927 3454 inmemores
955 3389 1168 3454 admonitionis
1194 3399 1221 3454 et
1240 3391 1378 3474 foederis
1396 3393 1494 3454 resart-

321 3489 409 3555 batis.
440 3489 525 3575 apud
542 3493 704 3555 Schottum
728 3513 760 3575 p.
778 3490 814 3555 34
843 3497 994 3575 scriptum
1018 3491 1160 3557 astatum
1175 3495 1252 3557 mitri
1272 3507 1304 3558 et
1320 3497 1352 3558 in
1368 3495 1492 3576 margine
1576 3477 1577 3520 ³

321 3595 525 3658 domininici.
566 3595 772 3659 scribendam
794 3597 900 3678 potius
923 3607 971 3660 est
998 3597 1185 3660 dominini.
1227 3597 1314 3660 idem
1337 3599 1493 3662 dominini

322 3693 554 3761 restituendum
578 3695 859 3782 est'Ep.r133p.
882 3698 940 3762 tat
959 3701 1068 3778 Sirm.,
1094 3699 1210 3763 domini
1230 3703 1282 3781 mi,
1309 3703 1431 3765 satutem
1448 3699 1493 3762 ot

322 3801 579 3864 ardentissimam
607 3801 738 3865 reddens
759 3802 849 3865 deum
879 3821 989 3885 annoso
1012 3823 1069 3886 quo
1095 3805 1208 3866 animis
1231 3807 1343 3868 nestris
1365 3805 1438 3888 proti
1457 3819 1494 3863 roe
1575 3841 1576 3848 .

321 3901 483 3966 sublevare
502 3905 600 3985 possit
634 3903 772 3986 inspiret.
798 3915 865 3968 turn
882 3925 910 3968 ιι
927 3909 966 3968 34
984 3928 1015 3989 p.
1039 3903 1109 3987 485,
1136 3905 1325 3988 dominini,
1350 3907 1493 3972 salutatio-

321 4023 388 4068 nom
406 4009 594 4070 reverentiae
609 4015 730 4070 vestroe
742 4007 953 4089 plenissimam
967 4009 1069 4074 dicens
1085 4007 1231 4094 deprecor
1245 4019 1280 4074 ut
1294 4015 1492 4096 snpyestt‘onrm

319 4111 492 4190 portitoris,
524 4109 749 4190 homotona,
778 4119 866 4196 proto
889 4116 1064 4196 snsct'piott's
1086 4113 1209 4180 oudino.
1248 4113 1388 4197 deniquo
1409 4133 1448 4176 ru
1463 4111 1492 4172 tt
1574 4151 1575 4168 ι

322 4229 354 4291 p.
377 4211 448 4290 497,
473 4211 666 4286 dominini,
699 4213 911 4278 salutationem
930 4217 1142 4299 plenissimam
1170 4217 1274 4280 dicans
1297 4237 1367 4302 repo
1387 4223 1419 4280 ut
1435 4217 1493 4298 pri·

322 4331 403 4376 mum
423 4333 481 4396 pro
509 4333 556 4378 me
585 4323 705 4380 sanctos
739 4337 831 4381 orare
858 4320 1039 4404 dr'pnenn'nt',
1076 4321 1194 4402 iegitur
1223 4321 1342 4384 demine
1362 4323 1417 4396 ort,
1445 4315 1491 4380 sed

251 4434 253 4446 ¹
281 4435 311 4483 aa
323 4417 409 4478 misit
437 4417 600 4482 Ennodius
629 4420 686 4481 has
715 4421 867 4501 epistulas
897 4421 937 4485 ad
967 4412 1080 4486 binos.¹
1119 4424 1187 4486 raa
1208 4444 1240 4506 p.
1259 4425 1301 4486 38
1324 4435 1405 4488 recte
1426 4423 1493 4485 sori-
1573 4487 1574 4494 p

323 4527 411 4598 ptum
441 4531 489 4582 est
521 4521 634 4596 valete,
671 4523 714 4585 nti
745 4521 869 4588 domini.
909 4527 996 4590 avii
1019 4545 1050 4607 p.
1073 4527 1133 4589 tat
1159 4527 1277 4610 legitur
1306 4528 1417 4592 domini
1433 4525 1490 4596 ιιιι,
1573 4519 1574 4552 ³
