3156 5132
343 391 417 462 284
745 404 787 463 Ex
810 421 905 464 πιπιι
928 404 1134 463 Βειιοιιιιιιιοι.

460 585 506 655 ότι
535 592 566 655 αἱ
587 585 751 676 παρδάλεις
772 582 915 676 τροφοί
897 613 974 675 ησαν
996 593 1048 654 τοῦ
1071 586 1234 667 Διονύσου,
1265 581 1355 651 καθ’
1339 613 1384 652 οτι
1404 583 1420 651 ‘o
1442 587 1513 652 Πεν-

398 691 519 768 θεὸς
490 719 540 760 τον
560 689 740 758 Διόνυσον’
724 693 863 778 ητίμασε,
887 690 938 757 καί
959 685 1085 779 ηὔξαντο
1108 692 1202 816 θηρίρ
1223 692 1367 776 γενέσθαι
1387 688 1436 755 καί
1453 659 1513 754 διοι-

403 793 594 885 σπαράξαι
566 823 615 862 τον
632 795 765 876 Πενθέα,
783 795 834 861 καί
849 801 935 861 τούτο
950 798 1086 882 ἐγένοντο
1101 791 1151 860 καί
1165 793 1216 861 τόν
1232 787 1328 880 ἄνδρα
1344 795 1512 880 διέφθειραν.

461 895 507 967 ότι
529 905 649 986 φιλοῦσι
676 897 725 964 τόν
749 899 828 966 οἶνον
852 901 884 965 αἱ
905 895 1071 988 παρδάλεις
1093 895 1253 965 κάντεθθεν
1278 894 1449 984 άγρεύονται
1468 893 1513 960 ύπό

367 1010 459 1069 5τιῖιν
491 1007 645 1090 θημευτιῖιν
673 1009 717 1090 τῷ
743 1005 977 1091 προσφερομένιρ
1006 1006 1110 1089 πολλῷ
1137 999 1209 1089 οἴνῳ
1238 997 1455 1087 μεθυσκόμενοι
1474 998 1516 1064 καὶ

399 1103 652 1193 ἀποκοιμιύμεναι.

463 1206 509 1277 ότι
529 1211 621 1298 τέχνη
646 1206 806 1298 άηρεύοοσι
828 1208 897 1284 τοὺς
921 1205 1101 1296 αίηιίηρους,
1125 1206 1178 1282 τὰς
1199 1207 1334 1296 τριόδους
1356 1204 1455 1295 κόπρῳ
1474 1206 1515 1270 καί

400 1307 480 1402 ούριμ
503 1311 696 1402 φρόίτοοσαι.

464 1412 510 1484 ’ότι
538 1422 680 1482 νοσοῦσαι
707 1413 741 1482 τὸ
770 1414 866 1491 πάθος
894 1414 929 1482 τό
957 1413 1140 1502 καλούμενον
1168 1415 1396 1503 παρδαλίαγχος
1421 1409 1516 1502 κόπρον
1563 1475 1564 1498 η

348 1535 379 1583 10
400 1521 535 1585 ἐσθίουσι
557 1520 608 1586 καί
630 1517 821 1608 ὑγιαίνουσιν.

346 1656 386 1697 ιιι
467 1659 534 1720 κεφ.
562 1629 613 1721 ιβ’.
661 1629 727 1719 περί
741 1631 919 1720 λεοποίρδου.
965 1628 1012 1699 ότι
1029 1635 1063 1698 ἐκ
1079 1632 1236 1705 συνουσίας
1252 1633 1372 1705 λέοντος
1386 1629 1434 1696 καί
1447 1656 1516 1716 παρ·

402 1733 517 1810 δάλεως
538 1736 676 1801 τίκτεται.

465 1833 511 1905 ότι
532 1837 622 1925 ἡνίκα
644 1841 750 1905 λέαινα
771 1839 862 1906 τίκτει
884 1843 918 1904 ἐκ
939 1837 1130 1928 παρδάλεως,
1154 1834 1275 1926 κρύπτει
1296 1836 1330 1904 τό
1353 1836 1455 1924 τεχθὲν
1474 1835 1515 1900 καί

400 1940 510 2028 ἑαυτὴν
531 1943 582 2008 ’ίνα
605 1941 645 2029 μὴ
669 1938 685 2006 ‘o
707 1943 784 2008 λέων
807 1940 900 2031 εύριύν
923 1940 1122 2031 διασπαράξῃ.

350 2059 379 2108 15
465 2040 511 2111 ότι
533 2048 564 2110 ἐν
586 2049 707 2118 πολλοῖς
731 2042 852 2113 λούεται
872 2050 1016 2132 ποταμοῖς
1037 2045 1088 2112 ’ίνα
1110 2042 1319 2134 άπορρύφηται
1340 2042 1394 2130 τὴν
1415 2039 1511 2128 ύσμην·

402 2147 455 2215 ἐάν
486 2146 543 2236 γάρ
567 2148 710 2235 αἴσθηται
732 2146 747 2214 δ
771 2152 867 2230 λέων,
899 2146 1016 2238 ἀναιρεῖ
1038 2149 1090 2216 καί
1112 2147 1211 2216 οὐκέτι
1233 2146 1304 2215 ούδὲ
1327 2141 1404 2236 άλλη
1427 2145 1513 2233 συηηί-

400 2279 493 2320 νεται.

342 2386 395 2429 ιιιι
470 2390 539 2452 κεφ.
566 2362 615 2451 ιη’.
661 2363 729 2452 περί
752 2361 853 2431 θιύων.
900 2361 946 2431 ότι
966 2369 1025 2431 τῶν
1048 2363 1138 2430 θώων
1161 2361 1214 2430 δύο
1236 2365 1308 2449 γένη
1331 2365 1414 2430 εἰσίν.

466 2463 512 2534 ότι
540 2471 571 2533 ἐν
597 2473 725 2556 χειμῶνι
753 2465 929 2557 δασύτριχες
952 2472 980 2534 οί
1003 2471 1082 2543 θῶές
1104 2471 1163 2534 εἰσι
1184 2466 1236 2534 καί
1257 2470 1289 2532 έν
1312 2467 1381 2554 ἔαρι
1402 2466 1471 2530 λεῖοι
1488 2459 1516 2526 τό
1563 2509 1564 2518 ι

349 2585 382 2634 20
405 2573 549 2659 δέρματα.

466 2670 512 2741 ’ότι
541 2667 637 2762 άνδρα
665 2672 701 2740 ού
724 2671 849 2762 βλάπτει
870 2671 887 2740 ό
911 2673 993 2756 θιύς,
1024 2671 1104 2742 ἀλλά
1126 2671 1218 2749 κύνας
1239 2672 1291 2740 καί
1312 2671 1440 2762 ἐλάφους
1459 2674 1516 2736 ἐνε-
1563 2727 1564 2750 η

404 2776 515 2866 δρεύων
540 2769 681 2865 οἰηριιύει.Ι
1563 2759 1564 2776 ’

311 2899 341 2944 ⁴2
468 2877 515 2948 ’ότι
536 2888 589 2947 τοῦ
612 2882 730 2954 λέοντος
753 2878 892 2969 θεράπων
916 2881 994 2948 εἶναι
1017 2885 1115 2948 δοκεῖ·
1141 2879 1383 2969 καταλαμβάνων
1404 2878 1456 2967 γάρ
1475 2875 1516 2962 τὴν
1563 2879 1564 2898 ³

404 2987 517 3074 ἔλαφον
539 2983 573 3050 τὸ
597 2983 673 3070 αἷμα
694 2985 773 3050 πίνει
795 2985 846 3050 καί
868 2987 991 3073 φανέντι
1011 2991 1054 3074 τῷ
1069 2988 1166 3052 λεόντι
1181 2982 1290 3071 ταύτην
1307 2981 1514 3069 καταλιμπάνει,
1563 3031 1564 3038 .

349 3102 382 3152 25
403 3084 500 3178 ὥσπερ
527 3095 579 3174 τῆς
607 3084 703 3174 θήρας
724 3086 762 3154 τὰ
784 3085 919 3176 ἀριστεῖα
943 3086 1024 3177 αύτῷ
1045 3091 1220 3178 προσφέρων
1243 3093 1296 3175 τῆς
1319 3086 1425 3176 ἀρετῆς
1444 3088 1516 3150 ἕνεκα

404 3193 454 3259 καὶ
476 3193 527 3258 ἵνα
551 3189 640 3258 αύτόν
664 3190 705 3278 μὴ
730 3188 843 3280 βλάψῃ.

343 3329 391 3371 ιιι
467 3330 535 3392 κεφ.
564 3301 629 3389 ιδή
659 3302 726 3393 περί
751 3301 917 3392 πάνθηρας.
963 3299 1009 3372 ότι
1031 3302 1047 3370 ό
1069 3302 1188 3393 πάνθηρ
1218 3302 1259 3380 ὡς
1280 3307 1315 3370 ἐκ
1337 3307 1450 3369 πολλῶν
1470 3303 1515 3364 τόν

405 3409 519 3497 θηρίων
541 3412 594 3494 τῆς
618 3406 727 3495 μητρὸς
750 3405 957 3495 συλλαβούσης
980 3411 1118 3476 τίκτεται.

468 3505 514 3576 ’ότι
536 3507 692 3585 δ’λνδικός
721 3508 841 3598 πάνθηρ
870 3509 964 3600 μύρου
986 3507 1064 3585 ’όζων
1087 3511 1138 3578 διὰ
1159 3517 1213 3599 τῆς
1235 3507 1363 3587 εύωδίας
1384 3510 1421 3577 τὰ
1440 3507 1514 3594 θηρία

351 3628 384 3678 ³0
406 3610 605 3703 ἐφελκόμενος
627 3613 675 3680 ἐπί
695 3613 745 3681 τόν
768 3615 842 3680 ἴδιον
866 3609 934 3701 άηει
956 3613 1074 3705 φωλεὸν
1096 3616 1148 3682 καὶ
1170 3617 1332 3682 κατεσθίει.

351 3750 387 3791 ιν
469 3753 536 3814 κεφ.
564 3724 612 3793 ιε’.
657 3725 725 3816 περί
747 3723 903 3814 αἰγάγρου.
950 3722 997 3793 ότι
1017 3725 1034 3793 ό
1058 3727 1201 3815 οἴηαγρος
1224 3725 1390 3816 ταχύτατός
1410 3717 1514 3792 ἐστικαὶ

405 3826 444 3904 ὡς
465 3828 624 3917 πετόμενος
647 3828 694 3897 ἀεὶ
715 3832 907 3919 περιφέρεται
929 3833 960 3896 έν
983 3833 1044 3905 τοῖς
1066 3834 1218 3920 κρημνοῖς.

440 4098 463 4142 ι.
482 4092 566 4161 τροφὴ
584 4107 617 4158 pr
634 4094 670 4152 λ,
696 4091 789 4162 τροφαί
812 4105 874 4142 corr
890 4094 920 4143 λ.
1009 4098 1034 4143 2.
1054 4091 1149 4164 ηὔξατο
1167 4095 1202 4144 λι
1224 4094 1290 4158 Ομμ.
1312 4094 1379 4158 Cyn.
1400 4093 1510 4143 nume.

404 4181 428 4228 λ.
449 4179 515 4244 Ομμ.
536 4179 602 4242 Cyn.
625 4179 764 4229 Νικίου.
855 4184 879 4229 7.
899 4177 958 4237 τοὺς
976 4177 1126 4250 αίηιίηροιιςι
1147 4192 1172 4229 ν.
1194 4178 1227 4229 ad
1246 4192 1304 4245 cap.
1328 4184 1370 4230 λδ.
1442 4176 1511 4228 Mr-

354 4265 417 4314 ΙΧο
436 4278 462 4329 p.
479 4268 543 4314 ⁶⁴2·
555 4269 579 4315 7.
671 4269 711 4316 15.
732 4260 912 4334 ἀπορρύψηται
931 4265 1100 4316 Hercherus:
1121 4261 1293 4335 ἀποτρίφιμαι
1310 4268 1341 4317 Α.
1428 4267 1462 4314 48.
1478 4263 1509 4310 λυ

354 4350 433 4400 [XM
453 4364 479 4415 p.
495 4354 615 4400 6³⁰·ss.
695 4355 735 4400 ⁴9.
756 4353 800 4400 λι.
821 4365 846 4416 μ.
862 4355 980 4401 630816.
1058 4352 1332 4419 Ξί.λι·.ρ.6οῠ·9,
1404 4341 1509 4401 neoni.

352 4437 404 4486 Ιευ.
424 4437 460 4488 πα
477 4435 533 4487 λεί.
554 4436 630 4486 Ήυ.
720 4439 762 4486 ³⁴.
783 4435 903 4508 οῐηοιηρος
921 4437 1082 4488 vocabulum
1101 4441 1274 4502 praeterens
1292 4441 1340 4502 qui
1359 4440 1386 4488 in
1403 4437 1511 4488 Thesauro

353 4522 480 4587 Stephani
498 4525 735 4574 οοοιιιοιιιοτοοιυι
754 4523 835 4574 πολιοί
851 4524 961 4574 Servius
980 4525 1006 4574 in
1025 4525 1089 4576 λου.
1113 4523 1145 4574 {V
1158 4527 1217 4574 m.
