3156 5132
553 397 721 462 Αιιιιιιιιιι.
1156 383 1230 460 367

56 589 158 652 damon
186 596 276 671 αιφιε
304 589 442 652 ulalatus
470 589 589 652 adiuvit
609 607 664 654 aee
686 596 858 654 ceterorum
879 589 1022 671 strepitus
1041 589 1228 672 putamen.

57 691 108 754 luit
128 693 175 754 eui
198 695 354 754 reservati
377 693 422 754 illi
445 711 570 775 ungues
592 702 678 755 tanto
700 711 797 774 apere
819 691 985 773 placerent
999 701 1034 754 ιιι
1049 691 1232 756 adfirmaret

55 795 149 876 lepide
172 795 235 858 dici
259 806 437 858 reservatos
458 815 476 858 a
498 797 605 876 puella
627 805 787 876 tamquam
809 814 893 861 suaa
917 796 951 858 in
973 815 1064 860 casus
1084 796 1229 877 periculi.

54 897 130 960 haud
158 917 234 962 saue
265 900 404 979 optimus
431 900 567 980 scriptor
590 909 635 962 est
658 901 834 978 Maternus,
867 898 925 961 sed
946 909 1010 962 tam
1033 899 1173 981 inlepida
1195 918 1233 960 aa

53 1000 156 1063 stolida
185 1003 216 1064 ei
239 1001 443 1065 attribuenda
466 1019 529 1064 non
552 1013 637 1066 sunt.
686 1002 780 1066 immo
802 1002 930 1083 scripsit
951 1005 1081 1066 resecati
1101 1021 1228 1086 saetas,

53 1104 313 1183 quemadmodum
335 1106 481 1168 Horatius
503 1124 538 1168 se
565 1115 690 1168 cantare
714 1105 796 1168 dixit
814 1093 942 1186 praeta*
966 1107 1121 1189 airyiaum
1143 1107 1256 1170 sectiss

53 1207 80 1267 ιἰι
101 1208 221 1270 moeses
243 1208 395 1292 suasibus
417 1212 547 1272 acriam.
594 1227 668 1270 nam
689 1207 890 1270 decantatum
914 1207 993 1272 illud
1007 1212 1121 1272 strictis
1136 1211 1233 1272 Beat-

53 1309 100 1372 leii
119 1310 302 1374 hominibus
315 1310 444 1374 subtilis
460 1311 569 1374 iudicii
586 1321 680 1393 atque
697 1313 757 1393 ipsi
772 1311 851 1374 adeo
867 1312 1104 1376 Hemsterhusio
1119 1331 1232 1376 verum

53 1412 146 1476 videri
168 1416 311 1495 potuisse
333 1414 426 1478 valde
450 1417 563 1478 miror:
592 1416 697 1496 ipsum
711 1416 889 1478 Bentleium
906 1424 1026 1478 coastat
1040 1425 1148 1496 postea
1163 1416 1233 1497 opi-

51 1517 130 1578 uioui
152 1535 246 1598 suae,
280 1537 342 1599 qua
365 1519 520 1599 elegantia
542 1519 692 1582 carminis
712 1519 925 1599 pervertitur,
956 1521 1070 1581 merita
1093 1517 1232 1582 diffisum

52 1637 125 1681 esse.
155 1622 305 1704 asystatae
320 1622 556 1686 resecandorum
570 1641 667 1686 caasa
682 1621 763 1684 dixit
773 1623 919 1686 Valerius
933 1624 1087 1686 Maximus
1098 1641 1133 1686 ιιι
1145 1623 1164 1684 2
1178 1624 1229 1685 tt.

52 1725 157 1802 nequis
186 1733 295 1786 autem
323 1727 455 1790 resecati
480 1725 566 1807 quod
588 1746 629 1790 ex
650 1728 804 1790 reservati
824 1725 1005 1788 iaciendum
1027 1745 1096 1790 esse
1119 1745 1233 1790 censeo

53 1843 84 1884 eo
105 1825 255 1908 redargui
276 1837 367 1909 putet
389 1829 475 1910 quod
497 1832 606 1893 resecti
626 1831 731 1912 potius
754 1829 926 1892 dicendum
949 1828 1064 1910 luerit,
1089 1848 1151 1893 non
1174 1831 1233 1895 de-

52 1938 117 1990 sunt
139 1929 226 1992 illius
248 1931 368 1996 formae
389 1934 546 2016 exempla.
586 1935 740 2016 seriptum
756 1943 804 1996 est
818 1932 905 2016 apud
919 1931 1090 2014 Apuleium
1105 1935 1230 1998 dietam.

51 2032 108 2092 rl3
128 2043 315 2114 praesecata
334 2037 420 2118 qula,
446 2039 478 2098 in
502 2039 676 2118 gratiarum
698 2038 821 2100 actione
844 2055 940 2118 quam
961 2037 1135 2100 Eumenius
1151 2037 1233 2100 Con-

51 2137 180 2198 stantino
203 2136 417 2202 Flaviensium
444 2141 571 2202 nomine
600 2139 713 2204 obtulit
736 2160 805 2222 cap.
825 2140 858 2202 tt
887 2141 966 2204 steat
987 2159 1082 2223 asyro
1104 2159 1234 2223 capara

51 2245 72 2298 rt
90 2247 220 2302 marato
242 2245 427 2323 stupendam
449 2251 569 2326 torpore
591 2243 795 2306 nummorum
809 2251 947 2306 resecem
961 2244 1067 2325 aliqua
1082 2245 1233 2326 reiparte

51 2352 209 2406 sanamur.
263 2345 296 2406 in
325 2346 436 2426 glossis
467 2347 574 2434 Cyrilli
612 2357 661 2410 est
689 2345 905 2430 ἐκτετμημένος
943 2355 1099 2412 emaculas.
1147 2347 1232 2429 apud

52 2444 194 2510 Catonm
225 2447 265 2510 de
295 2468 330 2510 re
354 2451 472 2514 rustica
500 2469 569 2532 cap.
595 2450 634 2512 li
665 2453 801 2532 legimus
829 2453 1025 2528 acenceres,
1056 2450 1141 2532 apud
1173 2451 1233 2514 Co-

51 2547 203 2612 lumellam
224 2571 244 2612 r
264 2553 319 2614 ιιι
345 2560 522 2632 secaturus,
554 2557 587 2616 ia
617 2555 725 2636 Cyrilli
754 2555 866 2634 glossis
896 2547 1061 2638 ἂπότμησις
1085 2573 1233 2636 pressea»

51 2653 93 2713 tic.
131 2649 294 2740 (denique
325 2658 420 2720 secati
447 2667 495 2720 est
522 2657 608 2740 apud
630 2658 799 2720 Firmioum
822 2659 976 2738 Lessingii
998 2667 1022 2720 t.
1041 2677 1089 2738 11,
1117 2678 1150 2740 p.
1170 2659 1231 2719 tas

52 2753 190 2844 lachm)

126 2863 279 2924 xxxvii.
310 2864 446 2927 Rutilias
462 2866 569 2945 Lupus
584 2883 594 2926 ι
612 2866 651 2925 19
674 2864 857 2944 exemplum
880 2864 1109 2945 paromologiae
1130 2862 1235 2926 adfert

51 2981 86 3022 ex
100 2964 275 3046 Hyperidis
295 2967 400 3048 aliqua
424 2969 565 3044 cretione
588 2977 761 3049 sumptum,
787 2967 872 3048 quod
896 2986 981 3030 nunc
1003 2969 1045 3030 ita
1068 2966 1231 3047 scribitur,

51 3083 138 3127 travae¹
153 3068 210 3130 ltoc
239 3068 278 3130 ab
307 3069 455 3133 iudicibus
485 3072 790 3148 castrametatum,
823 3073 973 3133 mmiaem
995 3071 1043 3133 illi
1060 3073 1235 3153 propiorem

49 3180 201 3250 comamm
224 3191 316 3254 qaam
338 3181 366 3236 te
384 3173 501 3256 faisse:
525 3173 713 3238 concedimus
735 3173 833 3256 officia
854 3183 909 3237 tua
930 3175 963 3236 ia
986 3175 1072 3236 illam
1087 3175 1235 3238 nonnulla

51 3277 218 3338 carattere:
248 3277 401 3358 struendia
427 3297 481 3340 vos
502 3297 568 3341 aaa
586 3277 695 3360 fecisse
717 3277 907 3360 aliarsamds'a
927 3296 1014 3340 aeota
1035 3286 1135 3361 aeqct.
1182 3279 1235 3340 sed

51 3377 115 3453 aeid
136 3387 247 3441 costra
269 3387 477 3444 testamcutum
499 3383 592 3458 dicis,
623 3383 655 3444 ia
678 3399 735 3462 qtto
757 3383 890 3464 surptus
911 3381 959 3444 liic
981 3383 1048 3444 est?
1064 3390 1108 3444 et
1129 3382 1235 3463 paullo

51 3497 118 3542 sane
149 3483 265 3545 melius
295 3485 337 3546 ita
361 3487 601 3567 interpungitur
623 3503 718 3566 quam
740 3485 813 3547 alim
837 3485 955 3548 iactum
977 3495 1026 3547 est
1046 3484 1088 3546 ab
1110 3486 1235 3566 eisqui

51 3585 233 3648 concedimus
256 3605 327 3648 cum
350 3589 457 3668 priore
481 3590 644 3651 enuntiato
667 3589 919 3667 coniunxerunt,
951 3588 1010 3650 sed
1031 3597 1104 3668 post
1124 3589 1235 3651 volua-

51 3691 104 3747 tate
126 3691 409 3770 interpunxeruat.
457 3711 567 3754 verum
591 3711 631 3754 ne
647 3692 706 3754 ista
722 3691 853 3773 quidem
868 3691 967 3753 oratio
983 3689 1157 3771 probabilis
1172 3701 1232 3754 est.

52 3805 116 3852 nam
140 3793 174 3855 in
198 3793 258 3855 hac
279 3796 458 3874 aequalium
483 3797 712 3858 sententiarum
728 3797 963 3858 continuatione
980 3793 1122 3856 membra
1139 3797 1234 3858 etiam

52 3898 195 3958 orationis
216 3896 400 3961 adcuratius
422 3898 628 3980 exaequanda
651 3908 753 3962 erant.
801 3901 901 3961 sensit
924 3898 982 3960 hoc
1004 3897 1235 3979 quodammodo

53 3993 225 4062 Fridcriaus
256 4001 386 4065 lacobus
416 4013 566 4085 recteque
594 4003 703 4066 statuit
725 4011 795 4084 post
818 4003 972 4064 eastitrsse
993 4001 1115 4082 aliquid
1139 4004 1236 4064 omis-

52 4115 115 4160 sum
144 4121 232 4164 esse:
266 4105 324 4168 sed
355 4125 427 4172 eum
450 4105 561 4168 evicerit
584 4106 741 4168 excidisse
763 4105 916 4185 credidit,
948 4122 1054 4185 neque
1075 4107 1235 4185 quaesivit

54 4204 201 4280 quamodo
224 4207 257 4270 id
280 4209 474 4272 intercidere
497 4211 635 4292 potuerit
658 4228 764 4290 neque
787 4207 828 4270 ad
850 4227 919 4271 eam
937 4210 1087 4270 orationis
1103 4207 1234 4270 iormam

53 4309 121 4367 satis
148 4309 285 4372 attendit
314 4331 396 4393 quae
426 4315 458 4374 in
484 4314 616 4395 reliquis
640 4312 793 4376 membris
815 4314 983 4394 perspicua
1006 4313 1084 4374 mihi
1107 4311 1236 4374 videtur

54 4427 127 4474 esse.
175 4417 294 4480 excidit
315 4421 420 4498 potius
442 4416 576 4480 verbum
593 4420 677 4479 inter
692 4415 818 4480 easdem
835 4435 937 4498 paene
953 4416 1075 4479 litteras
1089 4413 1235 4478 seriben-

54 4512 188 4602 dumque
210 4525 253 4586 ita
276 4533 336 4602 est,
360 4539 445 4585 sume
467 4519 521 4584 ltoc
543 4520 581 4583 ab
604 4520 754 4584 arduitas
775 4528 883 4583 aastra
897 4521 1062 4596 voluntate,
1086 4520 1235 4582 neminem

973 4638 1030 4692 at*
