3178 5136
600 377 705 437 Vasta.
1132 472 1134 478 y
1170 365 1245 437 513

68 565 206 647 adprobet
230 575 261 626 et
285 583 366 646 quae
389 573 553 628 secuntur.
586 565 720 626 conectit
743 567 823 626 enim
845 567 1060 629 narrationem
1075 569 1192 630 Valerii
1216 580 1247 630 et

69 679 162 731 tamen
185 667 370 731 adiunctum
394 678 442 730 est
462 668 641 730 orationum
657 686 736 747 quas
757 667 864 730 adfert
880 669 989 730 initiis.
1021 689 1098 732 usus
1120 689 1190 732 sum
1213 673 1247 732 in

68 774 111 832 liis
130 770 351 852 similibusque
374 770 522 834 omnihus
552 771 787 851 perspicuitatis
816 791 909 833 cause
939 773 986 834 eis
1008 773 1108 852 signis
1130 773 1248 852 quihus

68 873 151 936 hodie
173 875 312 937 solemus
332 872 430 934 verba
452 874 586 936 alicuius
608 891 763 953 personae
786 893 804 934 a
827 875 1006 936 narratione
1030 876 1063 936 in
1086 894 1149 954 qua
1172 894 1248 956 pro-

67 975 205 1038 leruntnr
234 975 450 1056 distinguere:
491 974 623 1057 adparet
655 985 762 1038 tamen
791 975 824 1038 id
848 979 881 1038 in
910 976 1064 1040 eiusmodi
1098 979 1249 1040 orationis

67 1078 171 1159 lorma,
205 1098 268 1160 qua
297 1081 534 1160 coniunguntur
564 1097 646 1160 quae
677 1081 806 1160 proprie
834 1079 1016 1143 distinendo
1041 1090 1148 1160 erant,
1185 1101 1247 1143 non

67 1183 153 1244 multo
176 1183 296 1245 rectius
319 1182 387 1244 lieri
410 1201 506 1262 quarn
533 1201 595 1244 non
626 1183 704 1244 nulli
735 1183 953 1246 attractionem
977 1185 1174 1265 hypostigme
1198 1184 1249 1246 di-

68 1286 190 1348 vellunt.

143 1389 187 1450 Ne
210 1387 324 1449 Graeci
347 1387 479 1467 quidem
502 1386 542 1450 alt
559 1387 611 1448 illa
627 1388 817 1449 narrationis
834 1387 1078 1469 adiuturumque
1094 1409 1248 1470 personae

64 1492 191 1553 alicuius
213 1489 386 1553 verborum
421 1491 640 1552 coniunctione
674 1488 910 1552 abstinuerunt.
955 1490 1099 1554 sednon
1121 1513 1249 1573 possum

67 1595 205 1674 exempla
233 1592 379 1675 prolerre
410 1612 451 1654 ex
480 1593 573 1654 libris
598 1594 814 1673 antiquiorum
845 1593 1008 1656 Plutarcho
1036 1595 1244 1676 scriptorum:

66 1707 133 1777 puto
154 1695 268 1760 auteml
292 1716 364 1762 curo
386 1696 583 1776 antiquiores
605 1695 745 1775 legerem
769 1715 818 1757 me
842 1715 905 1758 non
928 1697 1005 1758 satis
1026 1695 1068 1759 ad
1090 1717 1159 1760 eam
1181 1717 1247 1760 rem
1259 1715 1289 1762 ta

64 1799 242 1864 attendisse.
282 1818 396 1862 verum
418 1799 606 1861 Plutarchus
626 1801 755 1879 saepius
778 1799 820 1860 ita
844 1799 966 1861 locutus
988 1809 1036 1861 est
1058 1811 1092 1862 ut
1117 1802 1191 1862 lecit
1214 1803 1247 1863 iu

65 1903 187 1964 llomulo
208 1922 279 1984 cap.
301 1903 350 1980 tt,
375 1894 454 1964 “ri”
480 1895 538 1986 γὰρ
559 1899 678 1986 ἔφασαν
699 1895 803 1984 “ὖμᾶς
827 1894 923 1964 δεινὸν
945 1892 966 1984 ἢ
996 1897 1129 1988 λυπηρὸν
1152 1903 1248 1988 ἔργα·

65 1999 183 2087 οάμενοι
203 2000 241 2068 τὰ
261 2003 317 2088 μὲν
333 1996 393 2089 ἤδη
415 1998 619 2090 πεπόνθαμεν,
644 2001 682 2069 τὰ
705 2003 738 2068 δὲ
758 2000 915 2090 πάσχομεν
937 2005 997 2067 τῶν
1021 2006 1163 2090 σχετλίων
1187 2031 1248 2070 κα-

64 2103 158 2186 τῶν;”
199 2109 351 2190 conplura
383 2107 535 2171 eiusmodi
566 2129 606 2170 en
629 2110 708 2172 vitis
731 2109 888 2172 Plutarchi
910 2106 1103 2171 Adalhertus
1126 2112 1249 2191 lipsius

65 2213 215 2292 congessit
237 2213 270 2274 in
292 2212 563 2274 Commentatione
587 2211 628 2274 de
649 2212 799 2276 Aristidis
816 2212 992 2274 Plutarchei
1017 2213 1093 2274 locis
1115 2214 1250 2293 quihus·

64 2314 142 2394 dam,
165 2334 251 2395 quae
274 2315 397 2395 Lipsiae
421 2332 504 2376 anno
527 2335 664 2377 nnccctx
685 2315 770 2378 edita
794 2325 859 2377 est:
890 2314 1029 2378 debehat
1051 2326 1157 2378 autem
1179 2337 1251 2379 ora·

64 2418 177 2480 tionem
199 2436 217 2479 a
242 2417 406 2480 Plutarcho
428 2419 471 2479 ite
494 2428 706 2481 constructam
730 2419 835 2480 missis
858 2420 990 2498 argutiis
1005 2419 1100 2480 ctiam
1124 2421 1251 2502 saepius

65 2519 262 2602 adgnoscere.
295 2519 378 2582 addo
400 2521 472 2582 alia.
514 2520 739 2584 Herodianusr
756 2523 774 2581 6
792 2513 855 2583 “od
875 2514 994 2605 παόοη”
1022 2518 1056 2583 δὲ
1077 2517 1181 2606 ἔλεγον
1198 2513 1251 2584 “d

65 2622 198 2702 δέσποτα,
223 2620 410 2707 πηγνύμενον
433 2620 485 2686 καί
508 2618 701 2708 ὀρυττόμενον
721 2622 815 2686 πίνων
840 2616 933 2709 ὕδωρ,
958 2614 1046 2687 ἄλλοι
1061 2621 1094 2686 δὲ
1110 2618 1250 2688 ἀπολοί-

65 2748 145 2789 οοοοι
165 2729 269 2810 πηγῶν
291 2749 324 2790 τε
346 2725 467 2811 θερμῶν
490 2724 542 2790 καί
565 2731 682 2813 ψυχροῦ
704 2722 835 2810 νάματος
858 2721 989 2809 ἆτμίδων
1011 2749 1044 2790 τε
1067 2724 1118 2789 καί
1140 2722 1247 2813 ἀέρων,

65 2820 103 2890 ὧν
121 2824 233 2894 Ἰταλία
257 2823 332 2914 μόνη
356 2821 527 2915 είρορος;”
562 2825 715 2917 <scriptor
737 2832 935 2892 Demonactis
958 2849 1054 2910 quem
1078 2832 1250 2894 lucianum

65 2951 131 2996 esse
151 2942 263 3014 putant
286 2935 418 3014 cap.ll.
437 2935 541 3014 p.3l3
560 2935 578 2995 2
595 2935 694 2996 Bekk.
707 2923 855 3017 “ο’ίνδρες”
876 2927 933 3017 γὰρ
954 2930 1012 3018 ἔφη
1030 2925 1047 2950 “
1061 2927 1251 3020 Ἀθηναῖοί)

66 3035 275 3100 Theodoretus
290 3036 402 3098 Graec.
421 3036 486 3098 adl.
505 3056 573 3100 cur.
594 3057 625 3118 p.
646 3037 704 3098 llll
720 3036 807 3118 Sylb.
827 3035 867 3098 de
881 3035 1027 3117 Apolline
1042 3030 1253 3120 παραπλήσιον

66 3137 97 3199 δέ
118 3161 145 3202 τι
166 3137 293 3223 δέδρακε
315 3135 366 3203 καί
388 3135 437 3202 ἐπί
456 3134 621 3204 ’ίοολιανοῦ
643 3134 697 3223 τήν
721 3133 816 3224 ὁρμὴν
832 3135 955 3224 ἔχοντος
976 3133 1054 3202 κατὰ
1071 3143 1130 3201 τῶν
1144 3133 1251 3203 Ἀσσυ-

68 3238 152 3322 ρίων·
178 3235 274 3304 “vde'’
298 3237 356 3326 γὰρ
378 3239 439 3327 ἔφη
461 3235 598 3314 “ποίντες
621 3236 807 3326 ὡρμήθημεν
831 3236 897 3304 θεοί
924 3235 1007 3326 παρὰ
1033 3237 1105 3328 θηρὶ
1127 3246 1253 3328 ποταμῷ

68 3342 145 3427 νίκης
165 3339 293 3430 τρόπαια
315 3343 511 3428 κομίσασθαι.
553 3340 664 3411 τούτων
687 3341 748 3429 ἐγολ
769 3338 964 3429 ἡγεμονεύσω
986 3344 1095 3430 ίλοῦρος
1117 3341 1253 3430 πολεμό·

69 3448 167 3520 κλονος
188 3437 311 3534 '‘Apelle''
361 3448 446 3530 quod
476 3451 510 3510 in
544 3450 680 3530 epistula
716 3448 901 3511 Phalaridea
929 3467 994 3510 triu
1024 3450 1141 3529 legitur
1163 3444 1254 3513 “duel

69 3544 167 3620 ποίας”
194 3548 227 3613 δὲ
250 3543 437 3630 (ιᾶδικίαςῇ
480 3545 611 3623 εἰπόντος
649 3575 707 3634 μου
744 3553 929 3613 monstravit
968 3552 1043 3612 mihi
1075 3554 1254 3616 Hercherus

71 3651 213 3734 idemque
248 3654 326 3716 haec
360 3655 392 3716 in
425 3653 653 3716 Anacreontels
682 3655 850 3734 Sophronii
884 3655 1093 3736 patriarchae,
1142 3657 1171 3734 6,
1192 3658 1251 3717 403

64 3745 207 3839 “poples'’
233 3753 267 3819 δὲ
289 3751 419 3842 Χριστὸς
442 3754 522 3820 είπεν
540 3747 664 3828 “Ἔπος
687 3751 742 3820 οὐκ
764 3754 851 3827 ἔλεξα
873 3750 1011 3842 κοόρη;”
1044 3757 1120 3818 732
1145 3755 1254 3830 ίάίλεος

73 3855 104 3918 δέ
124 3880 164 3930 τις
185 3853 340 3945 προφήτης
365 3857 511 3946 Προέλεξε
533 3864 627 3924 ταῦτα
643 3859 749 3946 βίβλῳ,
767 3854 944 3944 “filippum'’
972 3856 1028 3944 γὰρ
1052 3857 1117 3924 εἶπε
1134 3853 1151 3878 “
1161 3857 1251 3940 Σιών,

67 3949 198 4046 Ἄφοβος,
225 3961 309 4048 φίλη,
335 3957 553 4049 προλάμπονς.”

152 4067 252 4127 txvt.
291 4067 459 4130 Evincitur
482 4069 527 4130 eis
550 4085 631 4148 quae
654 4085 751 4149 supra
774 4065 934 4148 disputavi
959 4067 1131 4129 inscienter
1153 4070 1255 4148 egisse

73 4167 126 4244 qui
147 4169 178 4230 in
200 4188 297 4232 versu
320 4171 472 4251 Propertii
496 4189 525 4232 rr
542 4172 579 4231 l3
599 4172 637 4231 tt
663 4172 720 4232 hoc
743 4168 920 4251 probarunt
937 4170 1005 4231 ltoli
1021 4169 1155 4232 alicuius
1170 4191 1256 4232 com-

76 4281 224 4350 mentum,
254 4272 385 4356 haecque
413 4282 515 4337 terunt
539 4274 659 4357 fustus,
693 4275 836 4347 Ιοονίονί,
867 4281 944 4335 tuos.
992 4271 1048 4334 sed
1077 4271 1255 4335 adscribam

74 4379 161 4434 totam
189 4376 275 4438 illam
309 4379 459 4440 carminis
490 4389 614 4459 partem
652 4376 728 4438 inde
761 4395 778 4436 a
809 4393 904 4437 versu
934 4376 1065 4454 quinto:
1106 4375 1257 4438 videntur

75 4477 152 4537 enim
173 4480 250 4542 mihi
273 4499 336 4542 non
360 4481 446 4544 nulla
469 4479 510 4542 de
535 4500 570 4544 ea
595 4479 730 4542 dicenda
753 4497 834 4541 esse.
