3178 5136
352 389 424 460 576
746 405 791 464 Ex
813 423 910 466 auena
935 405 1140 466 descensum.

503 593 554 656 νῦν
578 585 607 654 δ’
633 583 679 658 ὅτι
702 615 753 676 μοι
773 586 871 676 γυμνὴ
893 591 1048 676 γλυκεραῖς
1070 589 1208 674 μιλάταοι
1228 586 1379 672 πὲπληααι

554 691 675 768 ἔκλυτος
697 689 836 780 ὖπναλέῳ
858 693 929 778 γυῖα
950 691 1088 777 idapem
1108 686 1204 778 κόπῳ.

504 794 582 881 θυμὲ
603 791 709 876 τάλαν,
733 795 762 861 τί
782 795 949 872 πέπονθος;
977 791 1111 882 άνάγραο,
1139 789 1210 880 μηδ’
1238 789 1407 876 άπάκαμνα·

555 895 694 986 ζητήσεις
715 893 824 984 ταύτην
847 895 900 984 τὴν
923 893 1147 986 ὑπιρεοτοχίην.

349 1037 531 1098 conanimi
554 1037 611 1099 sed
634 1039 775 1118 corporis
797 1038 980 1118 languorem
1003 1037 1135 1099 Rufinus
1157 1037 1317 1116 queritur.
1363 1031 1444 1096 uude
1465 1035 1519 1094 veri

349 1157 424 1201 sane
453 1140 557 1201 simile
584 1151 727 1202 osteum
758 1139 835 1223 θυμέ
858 1140 911 1202 illa
934 1139 1161 1221 significatione
1183 1138 1303 1200 dixisse
1326 1155 1388 1217 qua
1410 1137 1520 1197 Treues

349 1242 576 1322 Hipponactem
598 1261 691 1305 usum
714 1261 783 1304 esse
807 1253 907 1324 putat,
932 1242 988 1304 sed
1004 1243 1119 1306 mirum
1143 1239 1293 1322 estquod
1307 1257 1434 1301 carmen
1448 1241 1521 1319 pitm

349 1355 380 1406 et
409 1341 623 1408 Christianum
650 1356 762 1426 poetae
792 1347 979 1410 recentioris
1008 1343 1094 1426 quod
1124 1344 1293 1406 Gremerus
1320 1339 1440 1406 anecd
1464 1343 1521 1401 Par.

348 1455 371 1506 t.
391 1465 419 1506 ιν
435 1467 467 1526 p.
487 1447 548 1508 287
572 1447 674 1509 edidit
695 1446 736 1508 ab
759 1449 809 1509 his
831 1447 939 1510 verbis
962 1449 1073 1528 incipit
1095 1443 1178 1530 Θομλ
1198 1440 1293 1516 τάλας
1321 1447 1392 1524 [sor.
1416 1437 1521 1520 τάλαν),

348 1546 377 1611 τί
396 1547 565 1626 πέπονθαςς
599 1562 666 1613 tum
689 1562 738 1613 ter
760 1550 855 1612 habet
877 1546 955 1633 topi
976 1544 1088 1628 τάλαν,
1111 1548 1138 1614 τί
1158 1547 1331 1624 πέπονθας
1360 1542 1480 1631 daippus
1499 1557 1524 1606 et

349 1649 398 1714 bis
420 1647 519 1736 ἔγρεο,
543 1649 622 1736 θυμὲ
643 1646 748 1716 τάλαν.
789 1671 871 1734 quae
887 1673 928 1716 ex
942 1655 1092 1716 amatorio
1106 1653 1212 1716 Rufini
1228 1653 1454 1732 epigrammate
1468 1657 1522 1710 tra·

348 1753 441 1816 ducta
465 1774 535 1818 esse
557 1755 685 1818 difficile
707 1753 847 1818 credam.
893 1755 951 1818 sed
974 1766 1145 1838 potueruut
1158 1754 1348 1836 pervulgate
1371 1771 1438 1814 esse
1452 1751 1523 1812 anti-

348 1859 459 1936 quiore
481 1858 588 1938 aliquo
610 1861 761 1921 carmine.
808 1877 848 1920 ex
870 1877 933 1939 quo
954 1861 981 1920 si
1004 1857 1136 1920 Rufinus
1162 1875 1199 1920 ea
1220 1856 1357 1936 sumpsit
1385 1855 1427 1916 ita
1447 1871 1522 1914 sum-

347 1959 448 2040 psisse
472 1961 548 2022 mihi
573 1960 700 2023 videtur
722 1971 757 2023 ut
778 1961 874 2023 simul
896 1959 1050 2024 obscaena
1073 1959 1201 2046 luderet
1220 1957 1437 2039 ambiguitate.

434 2081 561 2142 cxxvi.
601 2061 813 2144 euenor-uas
834 2079 931 2142 Aaou.
958 2081 1020 2142 rat.
1046 2099 1087 2142 vn
1108 2079 1173 2150 ,res

493 2189 600 2283 Ὤιχαυ
621 2193 665 2262 ἔτ’
692 2193 837 2277 άονίπων,
863 2194 994 2282 Κινησία
1016 2199 1109 2284 eppei»
1131 2189 1218 2283 άγριε

555 2298 679 2364 tatione
698 2296 780 2386 ’Λάδῃ
803 2303 904 2387 χρεῖος
926 2296 1134 2386 ὀφειλόμενον,

501 2398 595 2488 γήραι
616 2394 663 2467 ἔτ’
687 2395 777 2488 άρτιο
797 2399 895 2468 πάντα
916 2403 1029 2490 φέρων,
1053 2398 1188 2490 χρήστην
1212 2401 1246 2466 δὲ
1268 2401 1385 2466 δίκαιον

554 2499 650 2591 εὑρών
673 2530 707 2570 oe
729 2505 846 2592 στέργει
866 2505 1026 2592 coempta<
1043 2496 1196 2593 Ἀχέρων.Ι
1587 2549 1588 2618 μ

289 2653 417 2722 νννροοι
439 2641 595 2707 sublatae
612 2645 757 2708 Piersono
773 2655 804 2706 et
819 2645 945 2707 Reiskio
962 2643 1075 2708 menda
1091 2642 1246 2725 quaedam
1264 2642 1384 2705 minora
1398 2637 1517 2702 nondun
1587 2623 1588 2670 λ

347 2755 451 2808 tamen
473 2765 605 2828 prorsus
628 2747 785 2809 elevatum
809 2747 964 2828 estquod
994 2750 1025 2809 in
1049 2745 1131 2808 libro
1154 2748 1293 2808 Palatino
1320 2741 1517 2826 epigrammati

347 2849 534 2930 inscriptum
558 2849 672 2930 legitur
694 2845 879 2933 Θεοδωρίδα.
925 2849 969 2921 εἰς
990 2843 1156 2936 πρεσβύτην
1178 2843 1253 2912 τινά.
1301 2845 1380 2911 ἔστιν
1406 2843 1437 2909 δὲ
1457 2845 1517 2905 ioc-

347 2945 452 3034 νάητον
475 2946 526 3014 διὰ
546 2946 584 3014 τὰ
599 2945 772 3037 σφάλματα.
810 2955 962 3014 remansit
984 2953 1070 3014 enim
1086 2954 1197 3014 vitium
1222 2953 1253 3013 in
1277 2953 1373 3033 primi
1388 2945 1516 3011 versiculi

347 3056 447 3132 exitu,
472 3053 512 3116 ad
542 3073 638 3135 quem
668 3065 775 3117 notum
806 3053 885 3116 illud
915 3065 947 3116 et
977 3057 1008 3117 in
1040 3055 1098 3117 hoo
1122 3055 1257 3117 maxime
1281 3053 1363 3116 libro
1386 3053 1516 3131 frequens

348 3149 431 3238 ζήτει
451 3156 647 3238 adscriptum
671 3169 730 3219 est.
776 3157 862 3238 qnod
885 3159 1035 3238 ToupiuS,
1069 3160 1161 3220 homo
1184 3157 1329 3239 perversi
1356 3155 1436 3218 haud
1461 3171 1514 3214 raro

348 3258 468 3338 indicii,
494 3259 697 3323 scribendum
723 3279 791 3323 esse
814 3243 946 3324 coniecit
961 3255 1081 3346 Ἑρμοῦ
1104 3256 1206 3346 λάτρις
1229 3280 1292 3324 non
1320 3271 1436 3323 tantum
1456 3275 1515 3338 pre

348 3371 418 3440 pter
440 3362 647 3424 certissimam
670 3363 771 3443 legem
795 3383 858 3445 qua
881 3363 1041 3445 spondens
1063 3365 1168 3445 quinti
1194 3363 1286 3445 pedis
1300 3363 1462 3427 adstrictus
1478 3367 1515 3419 est

348 3461 583 3544 repudiandum
607 3475 684 3542 erat,
709 3463 766 3526 sed
790 3467 883 3527 etiam
907 3465 991 3547 qnod
1013 3467 1153 3529 absurda
1173 3467 1324 3528 carminis
1347 3469 1515 3546 interprete
1586 3493 1587 3496 κ

347 3568 431 3627 tione
455 3566 561 3628 fiotum
578 3577 636 3628 est.
663 3568 805 3647 ineptum
843 3577 891 3630 est
913 3571 995 3630 enim
1020 3567 1105 3651 quod
1132 3571 1272 3650 Toupius
1295 3568 1428 3631 credidit
1446 3567 1514 3628 aliie

347 3689 409 3749 quc
433 3671 593 3749 persuasit
617 3669 825 3731 feneratorem
851 3670 947 3734 inisse
971 3673 1140 3734 Cinesiam.
1186 3673 1280 3753 piena
1312 3683 1360 3735 est
1388 3669 1516 3733 carminis

346 3775 502 3834 sententia
525 3791 631 3852 neque
654 3773 823 3852 quicquam
848 3773 943 3836 hebet
967 3773 1074 3855 frigidi
1090 3776 1257 3853 acuminis,
1283 3775 1340 3837 sed
1356 3774 1475 3857 pulchre
1486 3789 1515 3830 ac

347 3876 535 3955 simpliciter
549 3874 668 3937 dicitur
683 3875 825 3938 Ginesies
840 3875 984 3938 debitum
1000 3887 1132 3940 naturae
1148 3881 1191 3940 ita
1208 3877 1388 3940 reddidisse
1402 3889 1435 3940 ut
1447 3877 1516 3958 quod

347 3987 511 4058 acceperat
534 3978 691 4057 integrum
715 3979 922 4058 persolveret.
964 3989 1085 4060 partem
1109 3982 1179 4042 veri
1194 3980 1276 4042 vidit
1292 3981 1456 4058 fleckerns,
1471 3979 1515 4058 qni

348 4079 380 4139 in
398 4079 674 4142 Commentationis
695 4081 823 4142 criticae
838 4091 928 4161 purte
950 4084 1055 4162 priore
1079 4104 1112 4163 p.
1129 4083 1192 4144 337
1215 4082 1313 4146 scribi
1334 4073 1516 4166 iussit'flqeo

347 4175 393 4242 ἔτ’
419 4174 568 4257 intuma,
594 4177 724 4264 Κινηοία
745 4177 883 4266 Ἑρμοῦ,
916 4179 1029 4270 άνιγρῷ
1052 4179 1202 4248 ’Eetionis
1219 4180 1302 4270 ’Atta
1325 4185 1423 4272 χρεῖος
1440 4178 1515 4268 ὄρει-

309 4327 316 4344 .
348 4277 483 4366 λόμενον.
529 4283 587 4346 sed
609 4278 722 4368 άνιγρῷ
745 4285 871 4365 probari
895 4306 957 4349 nou
975 4297 1092 4368 potest;
1119 4307 1225 4369 neque
1244 4291 1330 4352 enim
1345 4287 1516 4352 alibiOruu

348 4385 465 4448 dicitur
487 4381 606 4470 άνιγράς
628 4405 733 4466 neque
757 4389 807 4449 hic
828 4391 904 4451 satis
926 4399 998 4470 apta
1022 4399 1070 4452 est
1092 4393 1162 4453 eius
1177 4391 1322 4453 vocabuli
1338 4391 1513 4473 significatio.

249 4503 253 4512 ·
348 4499 431 4549 cena
455 4507 569 4551 versus
591 4490 770 4552 emendatio
794 4493 846 4552 vix
870 4495 986 4574 poterit
1009 4495 1160 4574 inveniri,
1184 4513 1255 4556 oum
1271 4495 1358 4557 nulia
1374 4495 1451 4558 desit
1469 4484 1514 4554 ne
1585 4559 1586 4570 ρ
