3182 5132
344 387 417 459 404
740 401 783 460 Ex
807 417 902 458 annul
925 399 1132 459 Bnnonmnusr.

430 591 533 652 LXXI.
580 593 699 652 Seneca
722 587 762 650 de
782 587 946 650 benefieiis
963 605 991 648 tv
1007 589 1026 646 8
1043 585 1138 648 deum
1155 587 1359 670 divinamque
1376 591 1503 651 rationem

343 697 399 756 toti
422 692 541 756 mundo
565 694 715 756 insertam
740 690 847 752 multis
870 690 932 752 diei
955 708 1046 770 posse
1070 688 1160 752 docet
1182 691 1380 754 nominibus:
1404 692 1504 752 nuncet

343 797 484 859 Liberum
505 805 623 879 patrem
645 802 672 857 et
687 795 847 856 Herculem
869 800 898 856 et
911 793 1098 856 Mercurium
1119 796 1218 856 nostri
1229 803 1349 876 putant.
1387 795 1505 857 Liberum

340 909 463 983 petrem
491 901 563 982 quio
591 899 723 960 omnium
749 915 866 980 parens
893 899 949 974 sit,
982 896 1061 979 quod
1079 899 1216 978 primum
1238 899 1361 960 invento
1381 901 1505 961 seruinmn

344 1007 391 1066 vis
414 1011 468 1080 est,
493 1003 672 1066 consulturo
690 1019 749 1083 per
772 1000 964 1082 voluptatem.
1011 1000 1171 1063 Herculem
1187 1002 1259 1082 quio
1275 1005 1322 1064 vis
1337 1004 1399 1064 enos
1413 1004 1505 1063 inuicto

342 1109 383 1170 sit
410 1107 589 1189 parendoque
616 1107 735 1168 lassato
758 1103 856 1185 fueret
882 1103 1022 1184 operibus
1050 1104 1138 1167 editis
1168 1107 1200 1166 in
1230 1107 1328 1188 ipnem
1350 1124 1504 1167 reversuro.
1575 1093 1576 1124 ¹

345 1211 531 1273 Mercurium
553 1211 626 1291 quio
640 1211 720 1271 ratio
734 1227 825 1290 penes
842 1208 928 1270 illum
943 1215 987 1269 est
1001 1227 1204 1290 numerusque
1219 1215 1246 1270 et
1260 1208 1333 1270 ordo
1350 1217 1377 1270 et
1388 1211 1504 1271 scieab'o.
1575 1229 1576 1278 i

344 1315 460 1394 scripta
483 1315 560 1376 haee
583 1315 624 1375 ita
641 1321 715 1374 sunt
731 1313 826 1374 etiam
842 1314 875 1372 in
890 1309 972 1372 libro
988 1312 1170 1390 Neroniano,
1196 1313 1250 1394 qui
1267 1313 1301 1374 in
1317 1332 1406 1374 usum
1421 1330 1506 1373 menn
1575 1289 1576 1312 ¹

343 1416 585 1499 diligentissime
608 1435 714 1498 nuper
735 1433 890 1478 exeussus
914 1424 973 1476 est.
1019 1413 1075 1476 sed
1102 1415 1241 1497 intellegi
1264 1427 1424 1498 nequeunt
1442 1433 1506 1496 quae

344 1519 385 1582 de
407 1517 519 1582 Libero
547 1529 637 1598 patre
662 1519 824 1582 dicuntur.
872 1537 976 1598 neque
999 1517 1198 1598 probandum
1222 1527 1269 1580 est
1292 1519 1378 1601 quod
1399 1519 1507 1580 llaasius

345 1631 414 1703 post
441 1624 488 1685 vos
517 1631 561 1685 est
589 1622 709 1702 aliquid
740 1621 897 1684 excidisse
931 1622 1129 1702 significavit.
1183 1623 1279 1686 statui
1310 1622 1343 1684 id
1372 1621 1507 1704 possetsi

345 1726 468 1807 reliqua
496 1745 556 1808 per
584 1745 618 1788 se
642 1726 766 1806 singule
790 1735 874 1788 reete
898 1724 981 1787 diota
1004 1735 1127 1807 essent,
1158 1727 1216 1789 sed
1240 1747 1301 1790 non
1326 1727 1508 1790 cohaererent

344 1832 430 1892 inter
451 1847 485 1892 se
508 1848 615 1911 neque
638 1838 861 1910 congruerent.
908 1829 995 1910 atqui
1018 1828 1157 1892 absurde
1181 1829 1298 1892 dieitur
1319 1830 1449 1912 primum
1470 1832 1508 1890 in-

346 1942 439 1995 venta
463 1952 531 1996 esse
555 1934 603 1994 vis
626 1933 757 1995 seminis
773 1931 931 2014 genitalis.
976 1933 1056 1995 nihil
1072 1953 1148 1994 vero
1164 1932 1267 2013 deest,
1292 1934 1352 1996 sed
1366 1937 1508 1998 verissime

346 2037 468 2118 Lipsius
498 2037 654 2098 intellexit
684 2034 888 2098 scribendum
913 2054 980 2098 osse
1003 2035 1144 2098 Liberum
1164 2045 1285 2118 patrem
1307 2041 1379 2120 poio
1399 2039 1509 2100 omniun

342 2158 458 2221 pareus
481 2142 531 2216 sit,
556 2140 635 2222 quod
656 2157 714 2219 per
737 2158 810 2201 eum
835 2141 962 2202 invento
979 2142 1127 2202 seminum
1142 2143 1189 2202 vis
1205 2149 1258 2221 est,
1278 2143 1455 2204 'consulturo
1465 2159 1509 2222 per
1575 2205 1576 2228 χ

345 2243 538 2325 voluptatem.
585 2241 669 2324 quod
693 2243 807 2324 plurali
829 2243 985 2305 seminum
1002 2263 1134 2306 numero
1150 2245 1269 2307 Seneca
1285 2247 1396 2324 utitur,
1419 2243 1509 2307 eodem
1575 2231 1576 2242 ¹

345 2344 437 2408 modo
467 2345 589 2409 loeutus
612 2356 660 2408 est
681 2347 740 2426 Ep.
761 2345 800 2406 li
820 2346 877 2423 lb,
912 2348 959 2408 vis
982 2353 1014 2408 tu
1036 2349 1167 2430 copitore
1190 2350 1281 2410 istum
1303 2368 1387 2430 prtem
1408 2367 1509 2412 seruam

346 2459 430 2512 tuum
460 2469 549 2512 vocas
579 2469 621 2511 em
650 2449 761 2512 eisdem
790 2448 954 2512 seminibus
977 2457 1076 2511 ortum
1099 2452 1201 2514 eodem
1219 2451 1290 2533 frui
1311 2453 1407 2529 coelo,
1436 2469 1510 2532 nepe

346 2556 485 2636 spirare,
510 2571 603 2634 nepte
625 2554 738 2629 vivere,
764 2571 857 2634 oeque
879 2555 979 2614 mori?
1000 2554 1148 2616 similiter
1169 2555 1304 2620 Ovidius
1326 2559 1405 2619 Fast.
1423 2575 1448 2617 u
1462 2553 1505 2614 iit
1575 2583 1576 2612 ;

289 2678 318 2723 rs
329 2683 334 2718 1.
347 2659 443 2740 sitque
465 2658 561 2720 solam
583 2657 666 2718 ories
688 2645 892 2739 concepto¹que
908 2658 1024 2719 semino
1045 2659 1182 2720 coninnoe
1197 2660 1315 2722 Reddat
1329 2669 1357 2723 et
1371 2663 1401 2723 io
1415 2659 1510 2722 stabulo
1575 2741 1576 2744 Ἴ

345 2761 441 2824 multo
470 2763 510 2823 sit
540 2779 622 2843 apua
651 2779 725 2822 meo.
774 2761 841 2841 ipse
871 2762 965 2822 etiam
989 2760 1099 2822 Cicero
1128 2761 1167 2823 de
1197 2762 1299 2825 divin.
1318 2783 1339 2825 u
1363 2763 1430 2848 §ot
1454 2761 1510 2844 quid
1575 2753 1576 2804 l

346 2865 506 2947 puerinon
528 2865 704 2948 intellepunt
726 2865 872 2926 seminum
896 2866 956 2924 vt'm
968 2912 975 2942 ‚
1001 2882 1077 2945 mooe
1099 2866 1140 2928 od
1161 2869 1346 2951 pipuendum
1364 2885 1509 2950 procreen-

346 2969 474 3051 dumque
492 2969 662 3051 plurimum
685 2969 795 3044 uolent,
818 2967 960 3048 funditus
983 2970 1057 3045 tolli,
1083 2969 1243 3034 mediocris
1265 2975 1384 3035 erroris
1405 2975 1463 3034 est?
1480 2967 1510 3030 ad

347 3073 486 3134 Senecae
509 3070 608 3133 verba
630 3071 753 3151 Lipsius
776 3091 813 3132 ea
835 3069 1004 3153 adscripsit
1027 3091 1110 3152 quae
1124 3071 1322 3154 Augustinus
1345 3076 1510 3138 decivitate

347 3174 398 3237 dei
415 3193 443 3236 vr
460 3177 477 3235 9
495 3174 582 3254 dicit,
601 3174 742 3237 Liberum
758 3195 778 3236 o
794 3173 987 3237 liberamento
1002 3176 1189 3257 adpetlotum
1204 3179 1321 3256 volunt,
1339 3179 1415 3261 prod
1428 3193 1509 3239 mores

349 3279 380 3340 in
409 3277 540 3340 coeundo
566 3297 625 3360 per
654 3279 717 3340 eius
740 3277 913 3359 beneficium
934 3280 1053 3342 emissis
1076 3280 1240 3342 seminibus
1264 3281 1442 3346 liberenbrr:
1470 3279 1509 3340 boo

348 3381 425 3443 mem
447 3382 479 3442 in
498 3381 622 3463 feminis
645 3381 903 3464 aquaticorum,
929 3401 1020 3465 quom
1042 3385 1131 3445 etimu
1152 3386 1292 3447 Venerem
1311 3393 1429 3468 meunt,
1450 3380 1511 3465 putri

347 3492 376 3546 et
397 3486 481 3566 ipsas
500 3483 681 3566 perhibeant
702 3486 818 3548 semino
840 3489 991 3549 emittere:
1016 3494 1044 3549 et
1064 3485 1099 3547 ob
1121 3486 1174 3548 boc
1188 3487 1296 3550 Libero
1316 3489 1436 3552 eandem
1449 3486 1510 3547 riri-

348 3588 405 3649 lem
436 3589 572 3668 eorporis
599 3595 719 3668 portem
749 3591 780 3650 in
804 3590 911 3671 templo
930 3592 1020 3671 poni,
1051 3588 1214 3669 femineam
1236 3591 1375 3654 Liberae.
1418 3589 1510 3652 similia

348 3687 543 3772 Augustinus
573 3689 668 3753 habet
690 3711 719 3753 ur
737 3692 793 3768 tt,
825 3691 880 3754 ubi
910 3692 949 3756 de
973 3693 1044 3753 love
1074 3695 1159 3754 inter
1181 3695 1277 3756 multa
1301 3696 1362 3757 alia
1385 3697 1454 3758 haee
1472 3691 1510 3752 di-

348 3803 481 3872 cuntur,
513 3796 577 3876 ipse
602 3797 722 3876 praesit
749 3797 868 3857 nomine
890 3795 993 3858 Lr'beri
1021 3798 1160 3858 virorum
1182 3798 1347 3861 seminibus
1369 3807 1398 3862 et
1415 3797 1510 3859 nomiu

348 3896 474 3959 Liberae
492 3895 690 3976 seminarum.
739 3916 778 3960 vn
795 3899 814 3960 2
838 3898 879 3961 ibi
897 3907 942 3961 est
956 3905 982 3961 et
998 3901 1153 3962 Saturnus
1167 3907 1293 3982 propter
1308 3905 1406 3983 ipsum
1418 3917 1508 3972 semro,

348 3999 391 4062 ibi
411 3999 517 4076 Liber,
550 4003 603 4082 qui
628 4019 744 4063 morem
767 4002 860 4083 effuso
883 4004 995 4064 semine
1017 4002 1143 4081 liberet,
1176 4002 1217 4065 rbi
1237 4004 1366 4079 Libera,
1395 4006 1510 4087 φιοηια

276 4088 278 4093 ’
355 4105 495 4164 Venerem
523 4103 644 4180 volunt,
676 4123 753 4186 quoe
779 4104 834 4167 boc
864 4105 941 4166 idem
970 4104 1141 4187 beneficium
1168 4107 1308 4190 conferat
1324 4109 1461 4191 feminee,
1486 4109 1509 4162 td

349 4206 439 4266 etiam
469 4207 536 4286 ipso
564 4208 671 4270 emisso
700 4211 812 4271 semine
834 4207 988 4270 liberetur.
1035 4209 1113 4270 v113
1138 4210 1254 4292 corosert
1275 4212 1399 4275 selectae
1419 4211 1509 4272 snor-

350 4327 409 4370 nus
431 4325 532 4370 semen
554 4311 669 4391 ipsum,
703 4310 819 4393 confert
840 4311 966 4374 selectus
988 4311 1078 4375 Liber
1099 4313 1233 4377 eiusdem
1254 4317 1377 4378 seminis
1397 4312 1509 4376 emusio

350 4429 418 4474 nem
447 4412 541 4490 viris,
574 4412 690 4494 confert
714 4414 768 4478 boo
796 4414 1022 4496 idemtidem,
1055 4433 1133 4498 quoe
1156 4417 1245 4480 Ceres
1275 4437 1330 4482 seu
1347 4421 1444 4482 ‘Vanis
1466 4419 1506 4488 θεῖ,

347 4513 482 4598 feminis.
508 4552 549 4562 —
570 4519 669 4581 lanus
691 4521 815 4584 seminis
837 4517 990 4582 admissor
1012 4521 1209 4584 etSutnmus
1232 4525 1355 4588 sommis
1375 4523 1456 4586 detor
1473 4513 1509 4578 tt!
