3156 5132
557 429 726 491 ductuum.
1164 412 1237 487 379

68 634 140 686 recte
162 625 202 685 ita
226 620 456 698 emendaverit,
482 619 571 690 κῦδος
593 611 700 681 ἑλόντα
723 615 800 703 δορί,
825 619 887 680 nisi
904 618 988 698 quod
1005 611 1091 703 δορός
1107 617 1239 682 fortasse

66 735 213 807 praestare
235 724 333 787 dixit:
360 725 406 786 sie
428 721 621 784 commodam
645 741 714 783 esse
731 723 932 783 sententiam.
979 731 1010 783 at
1026 733 1168 786 remanet
1190 724 1241 785 in-

66 827 247 890 commodum
279 826 357 888 illud
387 827 514 912 τρισσῶν
545 819 573 886 δ’
606 818 650 886 ἕν’
684 818 841 910 ἀδελφῶν,
873 823 956 905 quod
980 825 1155 889 lleckerum
1178 845 1240 888 non

65 931 221 994 offendisse
244 931 354 992 miror.
401 927 469 1008 sed,
495 927 581 1010 quod
596 928 770 991 lleinekius
792 947 1026 990 conmemorare
1047 927 1164 992 oblitus
1180 940 1239 1008 ast,

66 1029 101 1096 ἕν’
126 1033 165 1096 ab
179 1033 317 1096 lacobsic
334 1032 450 1096 iactum
467 1042 514 1094 ast
529 1029 625 1092 Antb.
645 1031 708 1092 Pal.
734 1041 757 1092 t.
775 1050 809 1092 ur
825 1051 857 1112 p.
877 1033 951 1111 926,
969 1031 1043 1093 libri
1060 1031 1092 1095 ἐν
1108 1032 1239 1095 habent.

66 1157 151 1200 versu
173 1138 265 1200 tertio
280 1137 433 1217 Berglrius
456 1137 488 1197 in
503 1135 608 1197 Diario
624 1134 801 1197 studiorum
816 1136 1015 1216 antiquitatis
1030 1155 1059 1197 a.
1078 1155 1242 1200 succesum

66 1261 93 1320 p.
109 1241 162 1304 ill
189 1259 252 1302 non
275 1249 360 1303 recte
383 1239 511 1321 scripsit
533 1229 626 1303 οὕνεκ’
654 1231 725 1323 ἐγώ.
773 1239 926 1300 nimirum
949 1235 1077 1311 Πισίδας
1098 1241 1243 1312 nomina-

67 1345 141 1406 tivus
162 1352 210 1406 cst
232 1347 324 1406 casus
346 1361 524 1424 verumque
547 1352 594 1405 cst
617 1353 671 1404 aut
693 1333 813 1407 οὕνεκεν
837 1332 878 1404 ἀν
900 1351 955 1405 aut
970 1342 1056 1423 quod
1072 1344 1244 1407 Salmasius

67 1467 101 1508 ex
124 1467 178 1510 sno
206 1447 287 1510 libro
310 1448 441 1529 protulit
469 1439 562 1510 οὕνεκ’
588 1440 659 1509 ἐῶν.
706 1447 825 1508 seilicet
848 1448 881 1508 iu
904 1447 1140 1528 Neoptolemum
1164 1448 1244 1509 Pisi-

67 1549 129 1612 dam
157 1552 348 1633 epigramma
379 1570 449 1613 esse
472 1552 625 1632 scriptum
649 1551 829 1631 Stephanus
856 1549 937 1611 dixit
961 1552 1029 1632 ipso
1051 1551 1152 1613 fretus
1175 1553 1244 1632 epi-

68 1665 241 1732 grammate.
289 1655 379 1716 Tloes
394 1664 500 1717 autem
517 1656 572 1735 qui
589 1656 620 1716 in
638 1673 676 1716 eo
691 1662 907 1716 memorantur
921 1672 982 1715 non
1000 1655 1083 1736 Lycii
1100 1654 1241 1735 luerunt,

68 1757 118 1819 sed
133 1757 268 1820 Pisidici.
314 1759 496 1839 Stephanus
509 1779 543 1839 p.
563 1757 625 1820 627
644 1759 681 1818 t3
702 1767 869 1840 postquam
885 1756 927 1819 de
941 1758 1052 1839 Lyciae
1068 1757 1149 1820 urbe
1164 1757 1245 1820 dixit

71 1861 138 1922 haec
158 1861 257 1942 addit,
282 1857 345 1925 ἔστι
367 1857 419 1924 καὶ
442 1851 521 1944 oilla
545 1857 640 1942 Τλῶς,
667 1855 753 1932 πόλις
777 1857 927 1932 Πιοιδίας.
975 1862 1082 1942 itaque
1098 1881 1116 1922 a
1132 1860 1245 1923 Pisidia

70 1963 180 2027 Pisidae
203 1965 404 2045 Neoptolemo
433 1975 672 2027 monumentum
701 1967 840 2048 positum,
868 1975 917 2027 est
945 1975 1076 2047 propter
1104 1964 1245 2027 devictos

69 2075 125 2128 tres
145 2067 286 2149 populos.
333 2066 392 2129 sed
414 2068 526 2130 horum
542 2068 730 2150 populorum
747 2087 820 2130 eum
837 2070 892 2149 qui
908 2069 1010 2150 primo
1025 2069 1090 2130 loco
1107 2087 1245 2129 commc-

70 2179 196 2232 muratus
225 2178 294 2232 erat
321 2173 503 2252 ignoramus
531 2173 585 2252 qui
610 2171 717 2233 inerit.
764 2167 912 2235 namuci
935 2168 1069 2243 Παίονας
1092 2157 1245 2253 scriptum

70 2283 111 2333 est
131 2274 329 2336 aSalmasic:
355 2273 429 2336 libri
452 2273 572 2336 habent
593 2268 644 2337 καὶ
668 2275 747 2346 ἄνες.
795 2294 857 2337 non
880 2276 960 2338 mala
980 2285 1085 2338 tamen
1102 2275 1245 2337 Salmasii

70 2384 112 2436 est
138 2379 335 2440 coniectura:
369 2397 560 2460 quamquam
588 2380 673 2440 enim
696 2377 851 2459 Agrianes
873 2398 891 2440 a
914 2379 1072 2461 Stephano
1096 2379 1247 2440 Paeoniae

71 2497 138 2556 gens
158 2479 321 2560 dicuntur,
346 2479 528 2544 adoni-atius
544 2491 650 2544 tamen
673 2481 726 2543 alii
742 2502 795 2544 ecs
810 2501 827 2544 a
844 2481 1018 2545 Paeonibus
1033 2481 1244 2562 distinguunt,

72 2599 165 2663 neque
187 2585 368 2665 Stephanus
389 2581 477 2656 ἔδνος
499 2578 639 2648 Παιόνων
662 2584 743 2646 dixit
766 2585 823 2647 sed
839 2582 997 2657 Παιονίας.
1043 2586 1154 2647 ultimo
1178 2586 1247 2665 epi-

73 2705 241 2780 grammatis
263 2723 360 2767 versu
385 2707 416 2766 iu
440 2704 521 2766 libro
544 2706 764 2787 llehdigeranc
786 2685 902 2784 τόσσός,
932 2709 964 2768 in
988 2707 1104 2768 ceteris
1125 2699 1248 2777 τοσαοός

73 2807 211 2887 seriptum
235 2819 294 2869 est.
343 2810 410 2870 vitii
433 2807 583 2871 admonet
604 2795 764 2890 accentus
790 2809 846 2872 sed
865 2809 1013 2872 admonet
1028 2810 1122 2872 simul
1139 2829 1249 2871 emen-

74 2905 207 2973 dationis.
254 2930 326 2973 nam
350 2913 377 2974 si
401 2913 557 2975 incertum
582 2913 661 2976 illud
683 2909 735 2977 καὶ
757 2910 891 2985 Παίονας
915 2914 1098 2996 exceperis,
1124 2913 1248 2975 restitui

75 3021 165 3090 potest
186 3017 377 3096 epigramma
401 3025 468 3078 arte
491 3017 555 3078 leni
580 3027 612 3079 et
634 3029 731 3080 certa.
779 3016 983 3080 scribendum
1008 3026 1056 3079 est
1080 3017 1165 3078 enim

191 3147 263 3235 Εἰμὶ
287 3149 495 3237 Νεοπτόλεμος
519 3149 666 3239 Κρεοοοῦ,
692 3158 817 3239 τρισσῶν
841 3149 868 3216 δ’
896 3155 928 3219 ἐν
951 3151 1092 3242 ἀδελφῶν

222 3253 366 3338 4ἕστασαν
388 3253 502 3328 Τλῶεῖς
524 3257 613 3329 κῦδος
635 3257 710 3340 ἐμοῦ
733 3251 858 3343 δόρατος

191 3351 292 3423 οὕνεκ’
317 3355 376 3422 ἐῶν
401 3356 526 3432 Πισίδας
547 3356 599 3422 καὶ
623 3357 757 3432 Παίονας
778 3355 829 3444 ἠδ’
853 3355 1008 3445 Ἀγριᾶνας

237 3459 289 3526 καὶ
312 3457 459 3544 Γαλάτας,
484 3459 621 3548 τρισσούς
643 3457 795 3542 ἀντιάσας,
823 3461 959 3548 ατόρεσα.

79 3611 165 3676 altero
191 3637 287 3680 versu
318 3617 393 3701 ἐμοῦ
416 3619 564 3681 Gronovii
593 3629 651 3681 est.
699 3613 847 3688 ἀντιάζειν
877 3639 948 3681 cum
977 3620 1156 3682 accusativo
1176 3637 1250 3682 casu

80 3719 263 3784 coniunctum
281 3722 436 3804 exemplis
451 3722 555 3785 lirmat
569 3722 743 3786 lobeckius
759 3727 791 3784 in
807 3723 856 3785 li.
875 3743 906 3784 v.
925 3723 998 3784 804.
1039 3724 1146 3804 itaque
1161 3723 1251 3784 'llces

82 3817 190 3884 Pisidici
206 3825 407 3906 Neoptolemo
423 3825 545 3888 Pisidae
568 3836 703 3890 statuam
725 3837 856 3909 propter
878 3835 944 3888 tres
962 3826 1094 3909 populos
1110 3825 1250 3888 devictos

82 3921 107 3982 in
130 3928 220 3988 trium
244 3928 376 3990 iratrum
401 3930 517 4010 templo
539 3941 731 4011 posuerunt,
765 3929 861 4011 idque
884 3949 954 3993 oum
978 3930 1084 4011 aliquo
1105 3930 1251 3992 acumine

83 4021 194 4090 dicitur.
240 4033 296 4112 qui
319 4041 386 4094 tres
409 4032 522 4095 iratres
545 4044 651 4096 utrum
674 4035 818 4116 luppiter
841 4035 1006 4115 Neptunus
1022 4034 1109 4094 Pluto
1134 4029 1251 4094 luerint

84 4145 114 4190 tn
134 4134 184 4194 alii
205 4133 435 4216 significentur,
461 4137 500 4198 de
525 4136 642 4218 quibus
661 4141 873 4200 coniecturam
889 4138 993 4200 iacere
1009 4155 1070 4198 non
1089 4147 1150 4198 tam
1167 4135 1252 4197 dilli-

84 4233 132 4294 cile
153 4248 196 4299 est
219 4258 314 4319 quam
338 4241 461 4320 inutile,
487 4239 595 4305 dicere
619 4261 681 4303 non
703 4261 842 4325 possum.

157 4341 187 4400 t.
223 4343 358 4405 Paucula
387 4343 505 4406 addere
534 4345 603 4407 volo
627 4345 762 4407 Comicis
783 4345 929 4408 lleinekii
960 4362 1064 4425 neque
1087 4363 1122 4406 ea
1146 4345 1251 4422 magni

87 4446 234 4506 nomenti:
268 4447 347 4508 uihil
376 4449 556 4528 enimvero,
588 4451 734 4530 quamvis
763 4453 804 4512 sit
826 4449 994 4531 pusillum,
1028 4450 1060 4510 in
1084 4432 1254 4510 his'rebus

87 4541 197 4608 videor
218 4568 288 4612 esse
311 4539 566 4632 neglegendum.¹
