3156 5132
566 407 738 469 Antenore.
1171 393 1246 465 339

61 596 322 658 darmstadiensis
344 597 469 658 saeculo
492 617 531 658 mr
554 598 704 678 scriptus,
729 617 792 678 qno
807 599 953 660 llertnius
977 617 1053 661 usus
1077 607 1135 676 est,
1159 607 1248 660 utro-

61 697 152 778 bique
175 701 370 762 cuoionlosoc
391 699 536 780 praebet.
585 720 683 781 quare
708 699 885 782 putendum
909 711 957 762 est
978 711 1034 763 eut
1057 720 1168 763 verum
1192 721 1248 762 vo-

59 801 201 864 cabulmn
225 803 383 885 usquead
399 804 484 865 hunc
499 803 618 866 librum
635 803 803 867 devenisse
820 823 860 866 ex
876 806 1057 884 antiquiore
1073 804 1248 885 exemplari

58 925 147 986 quam
172 927 212 968 ex
236 927 298 987 quo
313 908 412 969 ceteri
431 904 507 968 libri
522 925 632 968 omnes
649 907 779 970 deducti
795 917 870 970 sunt
884 917 939 970 eut
953 906 1051 970 luisse
1066 907 1191 970 saeculo
1206 926 1247 968 ιιι

59 1009 104 1070 rel
121 1011 226 1090 paullo
242 1019 336 1071 antee
352 1029 414 1071 non
432 1008 593 1072 indoctum
610 1011 770 1072 hominem
787 1011 841 1090 qui
858 1028 940 1091 quae
952 1010 1132 1072 Priscianus
1142 1010 1247 1073 attulit

58 1132 124 1173 rum
148 1112 397 1176 Catullianornm
420 1113 597 1176 carminum
620 1114 726 1194 aliquo
749 1113 923 1194 exemplari
947 1123 1147 1194 conpararet.
1264 1109 1269 1118 '

138 1216 295 1278 llcnricus
310 1213 464 1278 lordanus
488 1218 519 1278 in
544 1215 740 1298 praefatione
757 1235 852 1301 quam
869 1215 1080 1296 scriptoribus
1096 1217 1246 1278 historiae

58 1317 213 1398 Augustae
237 1317 362 1380 addidit
386 1339 416 1400 p.
435 1339 489 1380 xxv
512 1331 621 1382 narrat
645 1340 694 1382 me
717 1319 779 1382 sibi
804 1319 960 1382 indicasse
984 1329 1112 1382 tenuem
1134 1319 1245 1381 borum

58 1422 244 1502 scriptorum
280 1423 462 1484 memoriam
499 1433 607 1485 extare
643 1423 729 1503 apud
758 1421 925 1486 Sedulinm
956 1424 1083 1486 Scotum
1114 1423 1145 1481 in
1175 1424 1247 1482 Maii

58 1525 224 1605 spicilegio
247 1527 384 1587 Romano
408 1536 430 1587 t.
450 1544 501 1586 rur
525 1547 557 1607 p.
577 1527 629 1604 ta,
655 1527 775 1606 quippe
799 1527 854 1606 qui
877 1523 1042 1588 videretur
1060 1526 1247 1588 Maximino·
1278 1583 1282 1592 ,
1327 1595 1331 1603 ,

61 1647 123 1688 rum
147 1629 245 1690 vitem
269 1629 395 1709 legisse.
444 1629 564 1692 seilicet
589 1648 661 1692 oum
684 1630 762 1692 haec
784 1627 938 1690 scriberet
964 1647 1021 1708 ego
1041 1627 1171 1690 aberam
1186 1631 1248 1690 Be-

60 1733 164 1806 rolino,
191 1732 262 1792 llaii
286 1741 392 1794 autem
415 1731 533 1794 librum
556 1733 695 1794 nancisci
712 1752 773 1794 non
791 1732 909 1812 potuit:
929 1730 1056 1794 {babent
1070 1733 1155 1794 enim
1172 1731 1246 1794 libri

59 1835 110 1894 boc
139 1837 237 1896 etiem
269 1833 366 1896 latum
395 1845 430 1896 ut
458 1855 521 1896 nou
551 1855 726 1916 numquam
754 1855 819 1898 non
849 1836 970 1916 possint
993 1835 1141 1915 reperiri.
1188 1834 1247 1896 ed-

59 1937 187 1999 scribam
213 1938 312 2018 igitur
335 1938 404 2017 ista,
430 1957 512 2019 quac
537 1959 599 2002 non
621 1949 751 2002 tenuem
773 1940 957 2002 memoriam
975 1937 1247 2000 contineredixe-

60 2059 129 2118 ram,
156 2041 214 2103 scd
239 2039 434 2104 cridentem.
481 2042 632 2106 Sedulius
655 2043 687 2105 in
708 2042 789 2104 libro
806 2041 846 2105 dc
865 2041 1043 2103 rectoribus
1058 2041 1247 2102 Christianis

63 2163 158 2222 *quom
184 2144 302 2206 liin-um
328 2144 429 2208 videri
454 2154 557 2226 potest
580 2147 662 2208 intra
686 2165 785 2208 annos
806 2165 883 2208 neoc
907 2153 939 2206 ct
960 2163 1086 2222 nocem,
1116 2143 1246 2206 lortnssc

59 2266 131 2308 anno
151 2267 304 2326 orirerur,
329 2247 506 2329 scripsisse)
534 2267 602 2329 cap.
624 2250 661 2310 ll
686 2250 763 2312 haee
787 2247 894 2327 babet,
919 2247 1028 2330 quodsi
1049 2249 1116 2328 quis
1139 2249 1247 2330 siopo-

59 2349 113 2411 lori
137 2350 319 2431 fontinellae
345 2352 498 2414 cmcolleor
520 2349 555 2412 cb
577 2351 631 2414 boc
653 2355 777 2436 scopulo
799 2372 859 2414 nou
882 2354 1003 2426 timeat,
1037 2350 1114 2412 idem
1137 2351 1246 2413 ntultos

60 2471 169 2516 omesse
197 2461 242 2516 erl
272 2461 389 2515 cooeot.
438 2473 509 2516 ocm
533 2456 585 2536 qui
605 2454 643 2516 ub
666 2475 725 2518 ono
744 2456 832 2518 cinci
848 2473 912 2516 noo
932 2461 1029 2536 potest
1052 2455 1204 2518 interdum
1226 2475 1247 2514 o

60 2557 152 2618 rotun
172 2558 320 2619 vincitur.
360 2557 489 2638 elepltus
510 2557 640 2641 pro-radis
664 2566 709 2621 est
730 2566 758 2620 et
772 2557 944 2633 occiditur,
975 2555 1131 2637 tersoriis
1153 2564 1198 2618 est
1219 2566 1247 2618 et

59 2658 212 2735 neidrlur,
246 2661 335 2742 tipris
361 2659 453 2743 sortis
482 2668 527 2723 eet
548 2668 576 2722 et
598 2661 755 2724 occiditur.
803 2663 859 2741 qui
884 2661 959 2724 baec
982 2660 1150 2724 contulerit
1173 2681 1245 2722 cum

59 2761 99 2822 eis
128 2782 207 2842 quae
239 2765 272 2824 in
296 2763 366 2826 lulii
391 2763 559 2844 Capitolini
582 2765 761 2828 Maximinis
789 2763 914 2826 duobus
942 2765 1049 2843 cepti
1081 2763 1242 2842 leguntur,

61 2885 116 2926 non
143 2865 304 2928 dubitabit
332 2867 390 2928 illa
425 2867 568 2947 exeripta
604 2887 674 2930 esse
703 2866 885 2930 aSedulio.
933 2874 1007 2928 ente
1038 2865 1089 2927 illa
1121 2865 1244 2928 Sedulii

61 2967 150 3030 rerba
179 2970 316 3050 legimus
344 2971 441 3045 haec,
470 2969 688 3051 praesumebat
713 2978 744 3033 et
764 2971 882 3032 silurus
906 2969 1000 3050 piscis
1023 2970 1101 3050 quod
1123 2968 1246 3030 bornum

61 3069 115 3132 ribi
133 3092 216 3134 remo
235 3075 362 3150 iaceret,
387 3091 473 3135 nemo
497 3073 630 3136 tonderet
649 3075 731 3136 rctio
753 3080 790 3152 ct,
816 3075 846 3136 si
867 3073 1032 3148 incidisset,
1057 3074 1159 3134 omnio
1181 3072 1247 3134 dis-

62 3184 221 3256 mopcret:
247 3183 275 3237 et
297 3183 397 3237 torreo
408 3177 564 3257 licerinum
579 3197 640 3238 otoo
655 3179 762 3240 euasit.
810 3176 976 3240 falleretur
990 3175 1092 3256 siquis
1107 3173 1245 3239 sahulem

60 3277 151 3340 Caroli
181 3289 365 3360 temporeo
390 3280 484 3360 vulgo
512 3281 636 3342 narrari
665 3281 788 3342 solitam
812 3280 844 3342 in
868 3279 919 3342 bis
941 3298 976 3342 se
999 3277 1246 3360 deprehendere

62 3393 191 3458 putaret:
224 3393 351 3464 sumpta
380 3385 466 3444 enim
489 3383 595 3444 omnia
618 3393 693 3446 sunt
716 3404 755 3445 ex
777 3381 937 3444 Ambrosii
960 3383 1155 3444 llcxacmero
1179 3382 1242 3442 vii.

61 3483 108 3546 sed
134 3487 307 3548 Caesmum
341 3485 421 3547 vitas
448 3485 614 3548 Sedulium
644 3487 758 3566 legisse
789 3506 852 3548 non
883 3505 944 3548 uno
976 3485 1028 3546 illo
1059 3495 1245 3564 argumento

62 3599 178 3653 constat.
219 3609 290 3670 cap.
310 3591 328 3649 6
354 3610 384 3670 p.
406 3589 444 3648 tt
469 3589 548 3651 haec
570 3588 693 3668 scribit,
718 3590 799 3651 uttde
815 3591 869 3652 itta
886 3585 1033 3651 Antonini
1053 3589 1245 3670 imperatoris

63 3693 217 3772 promipno
239 3711 359 3774 semper
382 3693 414 3754 in
437 3693 573 3756 consiliis
592 3692 654 3773 fuit
676 3694 826 3754 sententio
852 3695 996 3773 ‘aequius
1017 3698 1062 3754 est
1086 3697 1118 3752 ut
1140 3711 1190 3773 eqo
1206 3698 1246 3753 tot

62 3799 83 3851 rt
108 3796 212 3856 lolium
242 3797 409 3858 amicorum
438 3795 599 3858 consilium
628 3815 742 3878 sequor
771 3815 861 3878 quom
888 3803 922 3856 ut
944 3801 984 3856 tot
1007 3801 1034 3856 et
1057 3794 1133 3856 tolet·
1157 3796 1248 3856 amici

64 3912 145 3958 nomn
165 3901 259 3961 onitas
282 3899 466 3962 ootmimtem
489 3899 691 3980 sequnntur:'
721 3897 842 3961 eisdem
867 3896 975 3958 vorbis
997 3895 1148 3958 Antonini
1174 3897 1246 3958 Phi-

65 3997 169 4081 loscpbi
192 4002 381 4065 sententiam
408 4003 602 4083 Capitolinus
626 4004 658 4064 in
683 4003 747 4064 vita
771 4003 840 4064 eius
863 4021 932 4082 carp.
951 4003 991 4062 ΞΩ
1016 4000 1213 4080 perscripsit.

138 4105 283 4167 Grillium
306 4106 446 4186 aliquem
470 4104 509 4167 ad
525 4104 693 4186 Virgilium
717 4104 757 4168 de
780 4102 965 4168 accentibus
980 4102 1154 4182 *scripsisse
1170 4103 1243 4166 olim

65 4215 157 4268 notum
179 4219 246 4270 erat
271 4228 311 4270 ex
328 4209 479 4271 Prisciani
497 4208 732 4271 institutionum
748 4228 757 4269 r
776 4207 826 4269 tr.
868 4206 1023 4284 ciusdem,
1050 4216 1085 4268 ut
1102 4204 1241 4285 videtur,

65 4306 153 4370 tirillii
180 4311 320 4392 emplum
349 4313 609 4374 commentarium
634 4312 665 4371 in
691 4311 852 4374 Ciceronis
874 4308 974 4374 libros
996 4308 1037 4372 de
1061 4310 1244 4372 inventione

67 4409 188 4474 llolrnius
218 4415 249 4474 in
282 4416 384 4478 lucem
415 4414 544 4477 reduxit
573 4415 708 4495 eiusque
741 4423 862 4494 partem
893 4415 925 4475 in
956 4412 1147 4476 Rhetoribus
1176 4415 1243 4476 suis

67 4511 167 4576 totiuis
195 4516 308 4581 edidit.
356 4505 529 4583 Rhetdrice
553 4517 661 4598 Grilli,
694 4517 750 4600 qui
779 4515 866 4582 idom
894 4516 1023 4582 ridetur
1052 4515 1285 4600 tiberccqis
