3252 5130
588 439 805 500 Canrrcrrnm.
1214 423 1285 498 631

103 626 180 686 Istri
200 643 253 686 ore
262 634 428 709 proruptas
444 636 530 690 terro
544 629 682 710 morique
696 627 815 705 delevit,
841 627 958 689 aunam
974 627 1151 690 diuturnior
1166 645 1290 690 recreo-

101 735 150 789 tor
178 728 332 790 ltominum
360 749 451 812 quom
479 732 631 793 maturior
660 730 784 792 deor-um
814 747 919 792 comes.
968 747 1030 792 non
1057 732 1145 810 capio
1168 731 1292 792 numine

103 841 135 892 et
157 830 364 894 scribendum
387 843 464 914 puto
487 834 600 896 limine.

190 934 318 996 CLXXI.
350 937 524 998 Eumenius
555 937 587 997 in
611 935 789 997 Gratiarum
811 936 934 997 actione
957 951 1031 1017 cap:
1047 936 1084 996 ⁴0
1109 935 1163 997 diu
1182 936 1291 1019 stupes

101 1037 196 1100 ln'cms
211 1037 333 1114 cohibet,
358 1057 413 1102 ver
428 1040 623 1120 alieniores,
648 1047 754 1100 nestor
763 1037 887 1117 solidat,
913 1039 997 1100 calar
1012 1045 1172 1101 ematurat.
1210 1042 1292 1102 seri-

101 1139 245 1204 bendum
267 1141 348 1205 duco
372 1159 427 1203 aer
448 1143 544 1218 elicit,
570 1161 640 1204 rore
663 1150 765 1204 aestas
787 1141 912 1220 solidat,
939 1142 1041 1204 colore
1064 1149 1210 1204 nmturat.
1258 1155 1290 1206 et

101 1244 204 1306 colore
226 1252 366 1307 maturat
387 1247 455 1308 iam·
470 1243 632 1308 Acidalius
656 1245 772 1322 voluit,
805 1256 910 1324 neque
933 1259 1067 1326 usquam
1091 1245 1290 1308 ematurandi

103 1345 239 1409 verbum
262 1348 389 1428 legitur.

191 1449 331 1512 CLXXll.
363 1453 513 1514 Nazarius
536 1452 567 1513 iu
584 1453 872 1534 Panegyrlao'cap.
892 1451 932 1512 26
956 1470 972 1511 o
994 1468 1059 1512 noer
1082 1451 1138 1512 illa
1160 1454 1291 1514 uetanis

100 1552 234 1615 socculis
262 1555 518 1636 monumentisque
546 1555 733 1617 manducatio.
782 1546 914 1617 saedula'
936 1563 967 1616 et
998 1565 1199 1616 monumenta
1227 1573 1290 1616 non

99 1664 316 1736 congruenter
337 1658 451 1720 sociata
474 1667 559 1720 sunt.
607 1659 773 1739 scripsisse
793 1655 923 1719 ridetur
937 1657 1087 1718 Notarius
1110 1677 1126 1718 o
1148 1673 1214 1718 noa
1236 1657 1292 1720 illo

98 1759 235 1820 aeurnis
256 1758 358 1820 titulis
379 1763 637 1842 monumentisque
658 1761 845 1822 mandanda.
902 1771 909 1784 ‘
962 1771 970 1786 ¹
1057 1767 1060 1779 '

189 1860 343 1923 CLXXlll.
382 1865 587 1927 Mamertinus
616 1866 649 1925 in
674 1863 859 1926 'fflatiarum
888 1865 1012 1924 actione
1040 1879 1108 1943 (ap.
1132 1863 1172 1923 tt
1204 1872 1292 1943 post-

99 1981 199 2044 quam
223 1965 365 2045 exposuit
387 1979 481 2046 quom
505 1966 654 2030 damnosa
678 1968 751 2030 olim
772 1967 896 2028 inerint
916 1965 1024 2046 populi
1047 1966 1197 2046 suffragia
1213 1965 1291 2028 haec

98 2065 207 2146 addit,
240 2067 319 2128 orado
344 2067 461 2149 factum
490 2075 536 2132 est
561 2077 597 2132 ut
617 2065 748 2134 maiores
766 2068 1029 2132 'nosui'ulderuut
1056 2067 1291 2130 Vatinios'desi-

98 2177 209 2251 protos
237 2159 276 2232 a'
306 2171 447 2252 repulsos
469 2173 608 2236 Gotones.
648 2173 710 2235 'scd
737 2172 814 2235 hoec
837 2177 991 2234 'oemsto
1015 2159 1108 2232 decet
1129 2170 1350 2232 recordantem

99 2273 352 2354 quaemadmodum
377 2276 484 2356 paullo
514 2285 584 2339 onte
610 2278 706 2340 honor
725 2277 837 2358 potitus
857 2277 908 2338 sit.
942 2277 998 2336 'ita
1021 2275 1099 2336 haec
1121 2273 1290 2336 scribenda

99 2385 187 2438 sunt.
235 2387 267 2438 et
300 2379 433 2441 Vatinios
463 2379 593 2460 quidem
622 2373 743 2460 requiri
778 2377 1077 2460 repudiandumqne
1092 2393 1178 2438 *osse
1206 2376 1290 2457 quod

100 2478 177 2540 libri
200 2479 319 2542 hahent
343 2481 487 2544 Gabinius
508 2483 632 2564 Lipsius
655 2483 772 2563 aliique
797 2481 1033 2558 intellexerunt,
1059 2478 1116 2541 scd
1139 2480 1291 2540 remansit

98 2581 190 2644 aliud
218 2585 394 2664 scripturae
420 2585 552 2664 vitium,
584 2586 637 2648 scd
656 2585 731 2646 iaec
752 2591 871 2646 vetusto
894 2582 1156 2644 dentrecordori.
1204 2579 1290 2660 quod

98 2685 230 2747 distinxi
261 2685 313 2748 scd
341 2687 414 2750 iaec
441 2695 560 2749 vetusto
589 2688 621 2748 in
649 2693 787 2750 mantem
819 2694 944 2748 revocat
966 2684 1111 2745 Eumenii
1137 2683 1233 2744 verbo
1255 2685 1289 2744 in

99 2789 282 2851 Gratiarum
306 2791 553 2869 actioae⁴=capite
571 2791 607 2868 l,
639 2789 849 2870 dicetoliquir
875 2790 993 2848 ‘cetera
1017 2787 1095 2847 illa'.
1144 2793 1232 2862 scant,
1264 2794 1293 2847 et

98 2891 222 2972 puidam
249 2891 302 2954 lroc
330 2894 506 2954 sacratiora
526 2893 612 2974 'prod
639 2899 752 2954 vetuo:
800 2909 883 2972 quoe
905 2890 1000 2969 vulga
1022 2888 1097 2950 ialsa
1121 2889 1291 2969 interpun-

100 2995 208 3056 ctione
231 2993 396 3057 obscurata
420 3005 505 3058 sant.
704 2985 707 3001 '
904 2990 907 3006 '
979 2979 1021 3018 '‘·

190 3097 342 3158 CLXXIV.
390 3101 519 3160 Pacatus
541 3098 573 3159 in
598 3095 786 3180 Panegyrico
809 3113 878 3178 cap.
905 3096 954 3156 26⁴
968 3091 1150 3156 laccorum
1174 3101 1290 3155 matro-

98 3219 215 3262 narum
231 3199 370 3262 munibus
387 3208 570 3278 catractum,
590 3202 653 3265 iilic
668 3209 776 3282 raptae
787 3200 976 3282 pupillorum
992 3197 1160 3260 corvicibus
1176 3196 1287 3276 balloc,

99 3303 169 3364 istic
196 3303 386 3364 dominiorum
419 3322 528 3366 cruore
559 3303 721 3385 perfusum
750 3302 980 3384 adpendebatur
1009 3307 1180 3383 arpentum.
1227 3319 1290 3361 non

98 3407 312 3468 extrahuntur
327 3407 474 3470 monibus
496 3408 594 3487 anuli,
620 3406 676 3468 sed
699 3405 913 3469 detrahuntur
934 3405 1053 3486 digitis.
1085 3401 1289 3466 scribendum

81 3521 152 3583 „est
174 3509 314 3590 auribus,
347 3511 432 3574 unde
455 3507 595 3572 monibus
625 3509 710 3574 incili
738 3521 809 3592 post
832 3529 860 3572 m
884 3511 1020 3571 litteram
1044 3525 1152 3572 errore
1176 3504 1290 3566 iactum

98 3623 160 3674 est.
201 3615 301 3674 sensit
329 3615 442 3675 vitium
472 3613 649 3693 scripturae
679 3613 856 3692 Acidalias,
889 3611 945 3674 sed
976 3611 1139 3674 dissimilis
1172 3610 1220 3670 sui
1250 3607 1291 3669 od

102 3716 211 3778 inania
233 3716 404 3778 aberravit.
1157 3767 1162 3774 ,

189 3817 338 3882 Eiusdem
361 3819 543 3900 Panegyrici
574 3837 643 3899 cap.
670 3819 709 3880 l5
733 3819 811 3880 haec
833 3819 1000 3900 leguntur,
1032 3819 1144 3880 scimus
1172 3812 1293 3894 paridem

100 3921 179 3984 nihil
206 3939 351 4004 umquam
384 3921 559 3982 nourrudum
588 3941 656 3983 crem
685 3923 854 3983 liomonum
886 3939 1005 4001 semper
1041 3921 1199 4002 imperium
1237 3929 1292 3982 aut

99 4034 187 4086 tuum
214 4023 356 4103 futurum
385 4027 425 4086 sit
454 4033 509 4086 out
536 4031 673 4102 tuorum,
708 4026 838 4105 pcrtiroet
863 4031 962 4086 tamen
998 4024 1038 4086 ud
1066 4023 1217 4106 perlinam
1246 4025 1293 4084 rci

96 4126 239 4208 publicae
260 4129 450 4190 sonoritatem
474 4127 551 4208 quod
570 4128 641 4207 fieri
654 4147 713 4189 non
725 4134 822 4208 potest
844 4129 932 4188 otram
955 4145 1014 4187 nou
1030 4127 1140 4188 timori.
1173 4123 1291 4204 frustra

99 4229 295 4293 studuerunt
311 4230 470 4310 explicare
485 4233 647 4312 pomiaom
680 4229 883 4292 scribendum
901 4248 972 4291 esse
988 4248 1100 4291 censeo
1112 4230 1287 4310 pecuinam.

189 4333 329 4394 CLXXV.
377 4333 506 4395 Caesius
528 4335 642 4396 Bassus
665 4333 705 4396 de
728 4335 840 4395 metris
862 4351 895 4413 p.
913 4333 974 4394 263
1000 4331 1091 4392 Keilii
1114 4331 1167 4394 lucc
1189 4339 1291 4392 autem

104 4437 237 4499 Philicus
266 4439 446 4518 conscripsit
473 4437 597 4518 nymnos
622 4437 727 4498 Cereri
755 4445 783 4498 ot
808 4434 952 4515 Liberae,
985 4435 1041 4496 tali
1067 4453 1176 4516 penore
1203 4436 1294 4494 metri

99 4539 180 4622 quod
202 4539 316 4602 scilicet
336 4548 381 4603 ost
401 4541 471 4602 ocri
491 4541 568 4602 sotis
590 4547 618 4602 ot
639 4557 773 4601 arcanae
801 4537 926 4600 deorum
949 4537 1138 4600 venerationi
1163 4535 1293 4598 credidit
