3252 5130
338 413 442 510 ι,592
766 435 808 495 liu
833 453 927 496 uersu
952 437 1157 496 Bcnomuuusr.

368 623 486 686 frustra
509 624 607 686 luisse
629 622 811 686 videantur.
859 633 981 686 certum
1005 634 1053 685 est
1075 625 1178 702 euim,
1204 625 1230 684 si
1254 623 1333 703 quid
1357 621 1463 698 rideo,
1487 633 1552 684 ante

368 734 564 808 postremum
588 727 677 789 illum
693 745 822 790 vorsum
846 745 909 788 non
926 727 1012 789 nulla
1030 725 1242 788 intercidisse.
1277 724 1444 788 intercidit
1457 735 1551 788 autem

367 831 505 910 primum
529 827 754 891 condicionalis
776 830 932 892 enuntiati
962 827 1126 911 apodosis,
1157 847 1263 909 neque
1293 827 1437 891 dubitari
1460 837 1553 908 potest

367 931 449 994 hanc
472 931 570 994 luisse
593 933 796 1008 sententiam,
827 935 914 1012 ‘puto
936 941 1042 995 autem
1057 951 1125 1011 vos,
1151 933 1178 994 si
1201 933 1275 1012 quis
1291 930 1473 994 desidiosus
1487 951 1552 1010 per-

368 1053 501 1096 manens
524 1032 600 1096 deos
622 1044 774 1115 precetur
796 1053 902 1114 neque
932 1053 1028 1097 manu
1052 1036 1171 1096 victum
1195 1035 1337 1114 colligat,
1370 1033 1452 1096 lame
1476 1035 1553 1113 peri·

368 1147 457 1199 turos
486 1137 578 1198 esse!
625 1136 744 1200 deinde
776 1137 891 1200 excidit
920 1157 1057 1219 quocum
1080 1139 1286 1200 coniunctum
1316 1147 1385 1198 erat
1416 1136 1448 1198 αἱ
1469 1134 1551 1198 κακαί

366 1263 399 1304 τε
421 1237 585 1325 συμφοραί.
611 1259 652 1302 οε
669 1241 720 1302 hic
731 1240 863 1321 quidem
880 1240 1050 1302 obscurum
1067 1260 1137 1304 esse
1153 1238 1283 1302 videtur
1298 1240 1404 1321 qualis
1420 1241 1549 1318 integrae

366 1345 517 1405 orationis
549 1342 646 1405 inerit
667 1345 837 1406 sententia.
885 1363 958 1406 nam
981 1363 1051 1406 cum
1075 1362 1188 1406 verum
1217 1343 1259 1405 sit
1287 1344 1414 1423 magnis
1436 1341 1550 1403 casibus

366 1448 434 1509 sive
459 1444 605 1509 felicibus
627 1447 695 1507 sive
719 1446 865 1508 tristibus
881 1447 1024 1510 homines
1047 1444 1175 1508 divinae
1199 1448 1359 1527 potentiae
1382 1444 1547 1518 admoneri,

367 1551 469 1630 potuit
491 1549 550 1610 hoc
571 1548 612 1610 uh
635 1568 673 1611 eo
696 1551 751 1629 qui
775 1549 851 1611 deos
874 1569 943 1612 esse
967 1559 1098 1628 negaret
1121 1551 1154 1610 in
1177 1550 1260 1611 hanc
1275 1551 1468 1610 sententiam
1484 1567 1548 1608 eon-

367 1653 448 1714 verti
472 1662 507 1715 ut
530 1651 653 1714 diceret
674 1661 806 1733 propter
828 1653 972 1732 insignes
995 1661 1026 1714 et
1055 1654 1285 1732 prosperitates
1308 1663 1339 1714 et
1369 1653 1549 1714 calamitates

368 1757 437 1818 lieri
461 1765 496 1817 ut
519 1754 572 1816 dei
595 1773 665 1817 esse
688 1753 862 1818 credantur
889 1763 986 1834 atque
1017 1754 1050 1815 in
1079 1756 1177 1817 altum
1201 1755 1400 1819 extollantur.
1448 1773 1549 1835 ponam

367 1859 548 1938 exemplum
571 1859 722 1920 orationis
744 1858 848 1936 qualis
871 1875 941 1920 esse
964 1859 1078 1937 potuit,

522 1956 608 2042 οἶμαι
630 1955 656 2021 δ’
684 1952 721 2023 όιν
745 1953 835 2042 ὑμᾶς,
859 1955 889 2024 εῖ
908 1983 951 2032 τις
974 1953 1065 2044 αἰργός
1088 1953 1130 2022 ὢν
1154 1959 1234 2032 θεοῖς

523 2053 641 2149 εὔχοιτο
664 2057 716 2124 καλ
740 2057 780 2146 μὴ
803 2058 882 2147 χειρλ
904 2061 1045 2146 συλλέχυι
1066 2059 1140 2146 βίον,

522 2161 618 2250 (λιμῷ
640 2159 802 2248 τεθνήξειν.
852 2164 883 2230 αἱ
907 2159 934 2228 δ’
963 2160 1136 2228 ἀνέλπιστοι
1157 2159 1265 2251 τόχοιι)

521 2263 559 2330 τὰ
581 2266 652 2330 θεῖοι
672 2257 816 2352 πυργοδσ’
840 2267 872 2330 αἱ
894 2266 988 2331 κακαί
1008 2292 1041 2332 τε
1063 2267 1226 2356 συμφοραί.

454 2371 528 2431 Clll.
576 2370 811 2450 Theophrastus
844 2373 899 2452 qui
929 2372 1047 2435 dicitur
1075 2373 1299 2433 Characterum
1335 2391 1406 2452 cup.
1434 2374 1444 2432 l
1478 2366 1542 2434 ὁδέ
1612 2391 1613 2400 ³

366 2468 454 2558 εἴρων
482 2469 615 2543 τοιοῦτός
643 2495 686 2544 τις
716 2469 779 2545 οἶος
805 2469 982 2558 προσελθεῖν
1009 2475 1070 2546 τοῖς
1099 2473 1221 2559 ἐχθροῖς
1250 2473 1368 2538 ἐθέλειν
1399 2476 1493 2539 λαλεῖν
1513 2469 1540 2536 oi

367 2577 462 2658 μισεῖν
485 2571 536 2638 καὶ
558 2575 690 2638 ἐπαινεῖν
712 2571 862 2661 παρόντας
885 2573 929 2647 οῖς
951 2574 1076 2641 ἐπέθετο
1099 2573 1201 2662 λάθρα
1230 2575 1281 2640 καὶ
1307 2573 1421 2650 τούτοις
1444 2579 1537 2640 συλλυ·

305 2679 489 2744 ονοπεῖσθαι
523 2673 715 2762 ἡττωμένοις.
763 2679 972 2760 depravatum
1006 2700 1075 2744 esse
1112 2670 1246 2762 aliquid¹
1282 2683 1314 2743 in
1354 2681 1403 2742 his
1435 2680 1536 2747 verbis,

366 2781 482 2846 ἐθέλειν
516 2781 619 2844 λαλεῖν
648 2775 684 2845 οὐ
713 2783 809 2864 μισεῖν
838 2781 1041 2846 manifestum
1071 2794 1136 2862 est,
1169 2785 1225 2864 qui
1261 2795 1369 2846 autem
1397 2803 1494 2865 nuper
1512 2785 1536 2842 in
1611 2773 1612 2846 l

366 2884 575 2948 emendandis
597 2885 648 2948 his
669 2883 886 2946 notationibus
908 2904 1035 2965 operam
1054 2898 1231 2966 posuerunt
1253 2897 1408 2967 quantum
1424 2885 1535 2968 quidem

366 2989 497 3050 memini
530 2997 586 3050 aut
617 2998 788 3050 tacuerunt
819 2997 874 3050 aut
907 2990 1075 3074 commepti
1110 3000 1187 3051 sunt
1218 3008 1300 3069 quae
1330 2989 1455 3071 probari
1485 3007 1535 3050 nun

364 3101 507 3172 possunt.
555 3092 655 3153 veluti
685 3091 778 3152 inane
809 3101 856 3152 est
886 3091 972 3171 quod
999 3093 1166 3173 Ussingius
1195 3085 1230 3155 υέ
1259 3094 1355 3174 μισεῖν
1386 3091 1549 3191 delendum,
1610 3159 1611 3184 1

366 3215 436 3258 esse
460 3195 661 3275 significavit.
696 3191 877 3273 corrigendi
900 3193 983 3256 viam
1008 3194 1127 3256 indicat
1149 3193 1280 3272 ἐθέλειν,
1305 3195 1392 3276 quod
1415 3215 1471 3258 non
1490 3213 1535 3274 ρο
1610 3185 1611 3192 '

364 3309 425 3360 test
457 3298 611 3360 inutiliter
639 3295 782 3359 additum
812 3315 893 3358 esse.
949 3299 1095 3376 quocirca
1130 3297 1233 3360 λαλεῖν
1268 3297 1453 3362 mutandum
1479 3315 1534 3358 csse

364 3419 478 3462 censeo
509 3401 540 3460 in
574 3399 683 3462 δοκεῖν.
730 3399 925 3461 consimilem
955 3398 1049 3462 video
1079 3401 1178 3462 luisse
1208 3403 1401 3464 sententiam
1424 3399 1532 3464 heiskii.

364 3505 419 3583 qui
443 3500 764 3564 Animadversionum
787 3511 810 3562 t.
837 3521 847 3562 1
870 3521 902 3582 p.
930 3504 970 3563 96
995 3501 1201 3565 scribendum
1226 3523 1296 3566 esse
1326 3505 1456 3566 coniecit
1474 3499 1534 3564 ἐθέ-

363 3609 424 3669 λειν
449 3605 546 3690 φιλεῖν
571 3605 681 3681 δονεῖν,
706 3596 741 3667 od
766 3603 874 3686 μισεῖν.
920 3616 1060 3684 praestat
1083 3606 1186 3667 lenior
1213 3605 1372 3668 medicina
1402 3617 1432 3668 et
1451 3623 1535 3668 sermo

362 3709 503 3770 breuior.

390 3812 524 3872 CIV.
572 3810 758 3872 Plutarchus
781 3809 821 3871 de
845 3809 1030 3872 discrimine
1054 3809 1228 3874 adulatoris
1257 3823 1289 3873 et
1311 3814 1404 3876 aurici
1426 3809 1530 3891 capili

362 3936 393 3996 p.
414 3908 483 3991 70⁶,
513 3911 613 3997 έτερος
636 3909 670 3976 δὲ
691 3907 796 4030 καιρός
825 3935 887 3975 εστι
915 3906 1117 3985 duodecim*
1103 3937 1173 3977 οταν
1203 3907 1248 3978 ὑπ’
1281 3905 1381 3978 ἄλλων
1409 3914 1532 3994 λοιδορη-

362 4017 464 4088 θέντες
492 4009 538 4101 ἐφ’
571 4013 616 4087 οῖς
639 4009 845 4140 ἁμαρτάνουσι
872 4037 1006 4080 ταπεινοι
1035 4016 1180 4100 γένωνται
1210 4015 1262 4080 καλ
1286 4020 1475 4082 συσταλῶσιν.
1513 4005 1532 4096 ᾧ

360 4121 462 4205 χρῶτα
486 4142 520 4182 αν
544 4113 713 4203 ἐμμελοῦςτ
706 4143 720 4182 ο
743 4117 873 4204 χαρίεις,
897 4113 965 4191 τούς
989 4117 1042 4202 μὲν
1065 4115 1322 4204 λοιδοροῦντας
1307 4117 1474 4186 ονακόπτον
1492 4111 1532 4178 καὶ

362 4216 604 4307 διακρουόμενος,
633 4221 694 4306 tutu
718 4217 746 4284 δ’
774 4215 863 4294 αὐτὸς
886 4214 1052 4306 ἁπτόμενος
1067 4227 1119 4287 τοῦ
1142 4223 1230 4310 plico
1253 4221 1304 4289 καὶ
1324 4218 1531 4308 θπομιμνήσιον

361 4320 403 4398 ὡς
426 4325 453 4388 εἰ
476 4321 527 4389 διὰ
550 4323 642 4409 μηδὲν
667 4317 741 4389 ἄλλο
763 4325 940 4410 προσεκτέον
965 4321 1062 4411 αὐτῷ,
1097 4319 1179 4400 όπιυς
1207 4351 1243 4411 γε
1273 4323 1314 4413 μὴ
1337 4329 1455 4414 θρασεῖς
1473 4315 1531 4386 ὦσιν

362 4428 390 4491 οἱ
413 4427 533 4514 ἐχθροί.
569 4430 651 4492 ι’ποῦ
673 4421 731 4512 γὰρ
754 4425 817 4491 ἔστι
838 4423 952 4500 τούτοις
974 4423 1007 4493 τό
1031 4423 1126 4512 στόμα
1143 4429 1258 4515 διᾶραι,
1282 4429 1311 4495 τί
1326 4429 1360 4495 δὲ
1370 4427 1528 4517 προσειπεῖν,

363 4525 398 4595 ἂν
423 4525 506 4616 ἀφῇς
527 4534 621 4594 ταῦτα
644 4526 694 4595 καλ
718 4529 807 4616 ῥίψῃς
829 4527 873 4616 ἐφ’
901 4529 946 4604 οῖς
968 4536 1069 4604 κακῶς
1099 4527 1258 4609 αἰνοόεις;”
1288 4537 1386 4598 tacuit
1407 4535 1530 4614 Wpttcn-
