3178 5136
341 423 413 495 542
734 441 780 500 Ex
803 457 901 501 urum
923 441 1130 502 Burotmuusr.

336 644 427 724 finire
449 643 582 705 dolerent
597 640 717 726 Arguit,
744 647 854 708 iniecta
876 647 1080 727 continuitque
1103 661 1206 723 mann,
1237 642 1389 723 ‘Quidque
1411 639 1501 722 ‘satist

341 747 480 808 lacrimis
503 765 577 828 opus
601 756 654 825 est,
680 767 740 810 non
763 749 922 830 sanguino'
945 748 1036 811 dimit.

428 867 555 929 Praeter
577 867 657 928 hauc
672 866 899 930 Ovidianorum
915 887 1067 931 versuum
1082 866 1322 930 multitudinem
1345 883 1436 928 unum
1450 873 1507 924 tan·

340 979 406 1032 turn
430 970 502 1032 novi
526 987 653 1032 cannen
677 971 708 1031 in
732 990 795 1051 quo
825 971 936 1033 eadem
963 969 1136 1032 struendae
1157 971 1310 1032 orationis
1334 967 1408 1028 ratio
1430 984 1508 1046 repe

340 1071 432 1134 ritur.
466 1091 593 1134 carmen
616 1083 664 1135 est
688 1073 853 1153 Priapeum
877 1093 953 1151 xxiv,
979 1075 1037 1136 Hie
1053 1091 1098 1135 me
1112 1072 1265 1136 cttswdern
1281 1069 1405 1152 fecundi
1417 1069 1509 1130 cilicia

1580 313 1586 573 l

301 1163 428 1236 intorti
452 1175 595 1238 Mandati
615 1195 724 1238 atram
748 1178 838 1238 iussit
852 1176 962 1238 labere
984 1177 1050 1239 toci.
1090 1177 1154 1237 Fur
1175 1173 1289 1237 tabern
1301 1191 1436 1255 poenam,
1459 1173 1510 1232 liat
1582 1163 1583 1172 ’

340 1277 498 1358 indignere
525 1277 703 1360 ‘feram’que
727 1281 866 1360 ‘Propter
888 1280 965 1342 olus’
987 1280 1075 1342 dieas
1102 1277 1165 1342 ‘too
1186 1279 1274 1362 epol'
1303 1283 1424 1359 prepter
1443 1275 1506 1336 olus.
1582 1357 1583 1364 ἵ

339 1378 493 1443 Graecum
516 1382 710 1462 epigramma
727 1393 776 1444 est
792 1383 824 1442 in
838 1380 1024 1462 Anthologia
1041 1381 1200 1445 Planudea
1215 1400 1245 1442 rr
1262 1381 1324 1442 236
1341 1389 1364 1442 t.
1382 1397 1402 1440 u
1416 1397 1445 1459 p.
1459 1375 1508 1436 stt
1582 1369 1583 1373 ’

338 1479 543 1563 Anthologiae
567 1481 709 1562 lacobsii‚
735 1477 836 1548 Airai
859 1478 910 1570 ἐφ’
938 1484 1110 1567 αἱμασιαῖοι
1131 1480 1181 1548 τὸν
1203 1478 1408 1570 ἀγρυπνοῦντα
1423 1477 1507 1564 Πρίη-
1580 1538 1583 1549 .

337 1605 391 1648 πον
408 1575 555 1670 'Ennoea
571 1580 712 1672 λαχάνων
729 1585 908 1671 Δεινομένης
923 1582 1056 1674 φύλακα.
1086 1581 1165 1652 Ἀλλ’
1194 1581 1235 1659 ὡς
1250 1585 1419 1669 mehupas,
1441 1577 1506 1668 φόρ,

336 1685 477 1773 ἔμβλεπε.
510 1682 528 1708 “
536 1692 622 1754 τοῦτο
646 1684 675 1752 δ’
688 1683 707 1710 ”
741 1689 855 1776 ἐρωτᾶς
877 1685 972 1755 “Teo
995 1685 1102 1774 ὀλίγον
1125 1685 1269 1777 λαχάνων
1291 1682 1431 1764 εἵνικο;”
1461 1689 1510 1749 τὸν

336 1785 457 1875 ὀλίγον.
505 1793 693 1874 inscriptum
717 1803 765 1857 est
788 1797 817 1856 ei
841 1795 1059 1876 epigrammati
1083 1791 1252 1872 Λεωνίδου,
1279 1790 1309 1857 οἳ
1331 1790 1364 1856 δὲ
1386 1787 1508 1876 Πορ4τοο,

337 1893 380 1966 εἰς
409 1887 533 1978 ἄγαλμα
561 1891 715 1981 Πριήποο,
758 1899 790 1959 in
821 1896 939 1978 quibus
968 1894 997 1961 οἳ
1026 1895 1059 1960 δὲ
1089 1893 1217 1983 [lapiton
1246 1896 1391 1960 additum
1423 1905 1465 1956 est
1484 1893 1507 1952 iu

337 1997 574 2078 exemplaribus
595 1997 732 2062 Aldints.
773 1995 893 2085 Πέρσου
916 2000 1014 2063 latere
1038 2010 1129 2082 putat
1150 2001 1327 2063 Meinekius
1348 1999 1414 2060 Del.
1438 2007 1507 2078 poet.

336 2099 432 2161 Auth.
451 2101 505 2161 Gr.
524 2121 555 2182 p.
579 2103 650 2164 424.
697 2102 811 2182 quodsi
841 2113 895 2164 eut
925 2103 1081 2166 Leonidae
1111 2104 1273 2166 Tarentini
1308 2112 1383 2165 suut
1414 2099 1507 2160 Graeci

336 2221 450 2265 versus
472 2213 526 2265 aut
548 2205 660 2266 Persae
683 2204 844 2284 Thebani,
881 2207 968 2268 nulla
998 2227 1091 2269 causa
1121 2217 1169 2269 est
1190 2207 1269 2286 quin
1293 2207 1433 2267 Latinum
1453 2201 1509 2282 epi·
1585 2213 1586 2236 t

336 2323 493 2385 gramma,
526 2316 561 2368 ut
582 2309 736 2388 pleraque
761 2307 909 2388 Priapea,
939 2306 1074 2390 Augusti
1102 2310 1197 2372 aetati
1226 2307 1415 2370 tribuamus.
1458 2306 1507 2366 iam

336 2426 407 2470 curn
431 2419 553 2472 constet
575 2429 643 2473 esse
675 2411 757 2473 inter
780 2413 911 2492 Priapea
940 2429 1050 2474 versus
1072 2412 1198 2491 Ovidii,
1234 2412 1368 2474 coniciet
1394 2409 1508 2470 tonare

335 2510 451 2590 aliquis
479 2513 672 2592 epigramma
702 2515 736 2575 in
772 2533 834 2596 quo
864 2513 992 2576 dicendi
1024 2515 1103 2576 ratio
1133 2526 1181 2578 est
1214 2513 1329 2576 Ovidio
1358 2513 1508 2593 propriae
1584 2585 1585 2588 Ἴ

335 2613 422 2675 nullo
444 2615 505 2676 alio
528 2627 618 2696 poeta
641 2618 796 2698 scriptum
820 2637 908 2680 esse:
936 2636 994 2698 ego
1016 2617 1087 2679 nolo
1110 2628 1174 2680 tam
1196 2637 1266 2681 esse
1291 2613 1506 2697 ingeniosus'j.

421 2734 486 2796 Sed
514 2734 649 2798 Ovidius
678 2756 766 2800 suam
805 2749 836 2800 et
872 2739 1007 2800 alienam
1045 2741 1219 2801 orationem
1257 2738 1352 2799 etiam
1381 2733 1511 2797 licentius
1584 2781 1585 2832 ἐ

335 2839 494 2900 conexuit.
529 2839 609 2901 dixit
632 2841 704 2901 liet.
723 2861 740 2900 ν
757 2841 795 2902 44
821 2844 1001 2924 agnovitque
1023 2842 1112 2904 deam
1136 2847 1201 2902 ‘aec
1223 2841 1343 2922 longius
1365 2837 1448 2900 ilritis'
1467 2837 1509 2896 in·

335 2941 415 3020 quit,
450 2939 554 3002 idest
583 2951 611 3004 et
635 2949 706 3004 ‘non
729 2943 848 3026 longius
872 2944 962 3008 ibitis’
992 2945 1098 3025 inquit.
1144 2943 1292 3007 similiter
1326 2943 1442 3004 locutus
1468 2947 1509 2998 est

334 3043 406 3104 liet.
426 3061 454 3102 rx
473 3043 545 3122 434,
571 3047 685 3125 ancipit
706 3045 785 3108 itanc
807 3049 922 3109 Nessus
948 3051 1053 3129 ‘neptae
1068 3049 1147 3109 enirn
1162 3049 1328 3107 moriemur
1351 3041 1448 3106 inulti'
1467 3059 1510 3101 se-

334 3163 402 3206 curn
425 3147 468 3206 aa
490 3153 517 3207 et
539 3148 637 3209 calido
659 3147 812 3210 uelamina
835 3152 929 3212 tincta
950 3169 1060 3214 encore
1082 3151 1143 3212 lint
1164 3167 1274 3210 munus
1298 3154 1413 3229 raptae,
1439 3143 1511 3205 cetra

336 3248 494 3308 irritamen
517 3253 642 3312 amoris.
689 3253 770 3312 Fast.
789 3270 818 3312 ιν
834 3251 895 3312 tet
921 3255 1057 3334 luppiter
1079 3252 1158 3314 dano
1180 3253 1254 3313 lenit
1271 3249 1439 3331 [commuue
1459 3264 1511 3307 οἳ·

334 3356 422 3412 crescet
443 3369 546 3413 amore
572 3355 642 3414 ‘Nec
664 3373 757 3435 penei·
780 3362 824 3417 est
845 3355 929 3417 nobis
953 3355 1003 3418 ilie
1022 3355 1192 3437 pudendus’
1217 3355 1271 3416 ait.

420 3469 486 3530 Non
516 3469 662 3533 dissimili
692 3472 783 3534 modo
813 3473 910 3536 verba
941 3476 1044 3538 iunxit
1070 3476 1215 3537 Valerius
1236 3473 1442 3536 Maximusrd
1462 3470 1508 3530 to.

334 3573 428 3654 ipitnr
450 3574 576 3653 inpulsu
604 3577 686 3656 capti
713 3578 849 3639 numinis
878 3578 1021 3640 instincta
1048 3579 1135 3660 virgo
1164 3575 1316 3638 Ινοννοννάο
1345 3595 1414 3639 sarm
1436 3575 1510 3636 tucn

332 3671 429 3756 Appio
452 3677 531 3738 inter
553 3676 698 3740 obscuras
721 3678 882 3741 verborum
905 3679 1046 3763 ambages
1066 3679 1138 3760 sata
1159 3683 1274 3743 cecinit.
1322 3679 1419 3742 ‘nihil’
1438 3681 1510 3738 estin
1583 3721 1584 3732 s

333 3779 430 3858 inquit
455 3779 507 3839 ‘ad
529 3786 556 3840 te
577 3779 641 3858 ltoc,
666 3782 811 3858 liornune,
836 3782 962 3845 bellum:
986 3781 1123 3844 Euboeae
1137 3783 1221 3846 coela
1235 3781 1402 3863 optineln's.y
1432 3779 1511 3841 idern
1583 3799 1584 3870 p

215 3939 220 3948 ,
333 3881 396 3942 r13
416 3881 454 3940 to
478 3879 664 3944 barranum
689 3885 749 3944 Gai
769 3901 883 3966 quoque
899 3885 1029 3967 Sulpicii
1045 3886 1128 3948 Galli
1149 3887 1293 3948 marnaio
1313 3883 1511 3968 supunilntn

333 4001 405 4044 nam
428 4001 558 4045 imorem
580 3984 695 4047 dimisit
716 3987 794 4066 qnod
816 4005 883 4048 eant
905 3991 1002 4070 capite
1024 3996 1128 4070 aperto
1147 3989 1228 4070 [oris
1244 3995 1398 4051 versatam
1410 4005 1513 4068 coorti>-

333 4093 434 4164 verat,
471 4085 592 4149 abscisa
621 4093 785 4164 sententia,
821 4089 876 4152 sed
908 4098 1010 4152 tanen
1040 4092 1146 4172 atiqira
1167 4093 1286 4154 ratione
1308 4099 1394 4152 nuta.
1444 4089 1513 4148 ‘ter'

332 4189 413 4249 enim
436 4189 533 4269 inquit
556 4189 622 4251 ‘tibi
642 4207 721 4252 meos
745 4199 863 4254 tantum
882 4193 1027 4275 praefinit
1047 4194 1147 4257 octtlos
1162 4194 1271 4276 quibus
1289 4194 1419 4275 smmum
1435 4199 1513 4252 mam

419 4372 443 4434 'l
465 4373 516 4441 [Ac
533 4381 648 4440 reppcrn
660 4379 788 4441 Haupts'tn
805 4384 850 4443 out
864 4387 973 4444 praeter
987 4383 1108 4433 Ouidium
1122 4383 1247 4434 θυίοίονο
1265 4396 1336 4434 mm
1352 4383 1451 4432 torum
1467 4385 1511 4430 stt:

334 4459 441 4524 ‘te'que
459 4461 496 4510 eit
520 4463 626 4513 ‘iniusti
645 4475 715 4528 quae
729 4477 800 4516 nune
813 4467 915 4531 premis
929 4467 967 4518 ira
980 4469 1098 4518 tonantis
1110 4467 1177 4520 Ante
1189 4466 1303 4534 preteor.¹
1333 4467 1418 4519 t'atrr.¹
1430 4467 1510 4516 llum.
1582 4537 1583 4548 1

333 4559 358 4594 tv
372 4547 431 4596 477.
434 4543 449 4613 J
