3252 5130
570 463 785 525 Coutccrlsua.
1195 451 1262 525 621

92 655 235 708 crementa
266 651 405 730 conpesti.
454 653 566 730 exiguo
590 651 774 714 discrimine
799 655 882 715 iuter
911 673 944 715 se
974 653 1127 716 differunt
1157 657 1272 718 inuenit

93 759 120 809 et
141 751 270 812 iuncxit.

172 871 269 934 CLlll.
295 873 502 953 Symmachus
520 879 549 938 in
569 877 728 939 Laudibus
742 879 952 940 Valentiniani
970 898 979 938 ι
997 881 1015 940 2
1031 899 1084 941 seu
1101 882 1133 941 iu
1150 881 1271 962 Scythia

91 993 179 1056 repro
191 975 339 1059 tripentis
353 980 530 1060 Tanainque
544 982 701 1062 placialern
714 983 789 1061 fines
800 983 932 1042 Ponticos
945 981 1087 1062 proferre
1102 987 1268 1047 censueris.

92 1081 260 1158 requiritur
283 1082 440 1162 Scyllu'ac:
474 1103 544 1144 narn
568 1083 715 1144 adiectiri
747 1085 829 1144 illarn
855 1085 984 1146 iorrnam
1007 1105 1110 1147 sermo
1135 1088 1280 1168 ignorat.

169 1200 256 1262 idem
280 1219 348 1283 cap.
370 1203 407 1262 lli
432 1206 520 1264 iactet
542 1223 573 1266 sc
600 1207 719 1267 Punicis
742 1203 910 1285 Africanus
933 1208 1077 1267 eoeuuiis:
1101 1206 1154 1267 sed
1169 1207 1222 1268 diu
1239 1209 1270 1268 in

90 1304 193 1364 Sicilia
214 1306 351 1386 pallidus
374 1310 501 1367 erravit.
544 1307 757 1370 Mithridaticis
779 1309 886 1388 spoliis
903 1309 1047 1370 Lucullus
1063 1311 1195 1371 occultet:
1218 1311 1272 1372 sed

87 1406 136 1466 iliu
159 1409 190 1467 in
217 1411 335 1470 Pontico
359 1409 440 1470 lura
460 1427 558 1490 paene
581 1413 677 1472 victor
693 1413 822 1494 lattprui.
862 1413 988 1473 orientis
1006 1420 1134 1493 tropaea
1149 1419 1272 1474 ostentet

88 1507 251 1572 intonsus:
275 1513 328 1574 sed
350 1515 430 1574 inter
452 1511 615 1596 zlcppptios
639 1514 744 1576 taedas
766 1515 848 1597 repio
865 1531 969 1576 ornare
991 1515 1131 1598 diffluant
1146 1518 1266 1578 t'asauo.

86 1613 129 1672 illi
150 1615 321 1696 triumsolis
344 1619 418 1678 uiri.
444 1617 578 1678 dilicntis
600 1619 727 1700 repotiis
746 1617 958 1698 frequentibus
980 1621 1118 1698 ocutpati
1144 1638 1271 1680 arnoeno

86 1716 205 1778 litorum
228 1725 443 1800 terrarumque
466 1723 566 1800 opima
583 1729 737 1782 sectantes.
789 1721 987 1782 llciudorlius
1012 1721 1167 1782 intellexit
1190 1723 1270 1783 scri-

86 1817 223 1882 bendum
248 1841 317 1884 esse
340 1823 474 1884 delicati.
522 1824 685 1904 perficitur
707 1824 884 1886 emendatio
900 1825 927 1884 si
942 1823 1105 1902 scribitur,
1129 1825 1269 1886 oratione

85 1939 143 1984 uon
173 1927 290 2005 optima
318 1926 466 2006 quidem,
498 1926 554 1987 scd
587 1947 647 1994 uon
676 1926 806 2007 indigua
831 1927 1027 2007 Symmacho,
1052 1962 1095 1972 —
1117 1927 1266 2008 diffluoeit.

86 2025 182 2088 insani
208 2029 256 2089 iili
278 2030 478 2110 triumphales
504 2032 564 2090 uiri
587 2030 720 2104 delicati,
753 2033 878 2113 repotiis
898 2029 1108 2110 frequentibus
1131 2033 1270 2112 occttpnti

84 2148 208 2192 amoena
233 2133 356 2194 litorum
379 2141 592 2214 terrarumque
615 2135 714 2214 opimo
737 2141 896 2196 sectantes.

166 2250 254 2312 ldem
278 2254 310 2314 in
326 2252 486 2314 Laudibus
502 2254 711 2315 Valentiniani
736 2273 756 2314 ιι
773 2255 790 2313 3
815 2253 893 2315 atttt
908 2261 978 2314 onte
990 2253 1148 2333 prioribus
1163 2255 1264 2335 pestis,

82 2348 226 2434 elrrpsaste,
252 2355 441 2437 decerpimus
464 2358 492 2417 si
512 2358 645 2418 recentia
676 2357 742 2417 sola
764 2364 948 2436 repetamus.
996 2355 1176 2417 Heindorlio
1199 2365 1269 2417 onte

84 2455 112 2513 in
128 2477 148 2518 a
163 2465 190 2518 te
206 2459 393 2521 mutandum
412 2459 589 2539 videbatur,
615 2459 700 2540 quod
717 2460 814 2521 llaius
829 2468 936 2539 postea
952 2479 1044 2521 suurn
1063 2459 1145 2520 iecit.
1179 2461 1266 2538 atqui

82 2555 142 2620 dici
166 2561 254 2622 nullo
283 2561 374 2624 modo
405 2573 507 2644 potest
537 2583 557 2624 a
581 2571 608 2624 te
627 2567 738 2644 priora
767 2571 862 2644 posto.
910 2564 1038 2642 scripsit
1061 2563 1267 2642 stammachus

80 2663 295 2726 anterioribus.

164 2785 252 2846 ldern
275 2788 306 2847 iu
324 2785 484 2849 Laudibus
502 2787 640 2847 Gratiani
657 2806 726 2866 cap.
746 2788 764 2845 9
787 2786 837 2846 ilie
854 2785 929 2846 liber
944 2786 1096 2867 bucusque
1111 2786 1266 2868 repopuiis

78 2889 212 2965 pontium
229 2891 367 2970 captiuus
382 2898 521 2972 urpetur.
561 2899 668 2952 narrat
684 2890 781 2950 lllaius
804 2889 958 2969 scripturn
982 2907 1050 2950 esse
1074 2888 1183 2949 libera.
1210 2907 1267 2948 ve-

81 3007 149 3050 reor
171 3009 214 3052 ue
237 2994 389 3072 scripturn
413 2995 518 3074 potius
541 2995 581 3054 sit
604 2991 679 3054 liber
695 2993 877 3071 aducusque.
927 2990 967 3052 de
983 2993 1096 3052 omissa
1120 2991 1266 3072 adspira-

80 3093 160 3156 tione
186 3093 251 3156 dixi
275 3097 405 3158 Hermae
430 3107 452 3157 t.
471 3117 491 3156 v
514 3117 545 3177 p.
568 3097 639 3157 teo.
688 3094 808 3179 [supra
828 3113 860 3176 p.
881 3092 979 3176 55ss

163 3215 262 3276 CLlV.
310 3217 515 3278 Germanicus
539 3219 570 3276 in
594 3217 800 3297 Prognosticis
825 3233 857 3276 ιιι
875 3215 913 3275 tt

288 3339 349 3398 iam
373 3346 434 3399 tum
459 3346 602 3399 maturae
624 3346 744 3420 sepcies,
772 3345 799 3398 et
821 3338 921 3418 spicea
945 3337 1053 3418 peruiet

285 3449 355 3502 autc
378 3442 475 3502 larem
495 3443 630 3522 primunr
652 3441 786 3522 perfecta
811 3459 905 3501 messe
930 3459 1054 3501 corona.

78 3577 154 3638 male
172 3577 357 3641 defenditur
369 3581 516 3660 primurn.
550 3579 688 3660 placeret
703 3578 811 3640 Orellii
830 3580 967 3658 patrium
984 3577 1044 3638 nisi
1063 3577 1166 3636 leuius
1182 3585 1264 3636 esset

74 3680 218 3744 scribere
239 3671 385 3763 privum.¹

160 3803 247 3864 CLV.
274 3803 462 3885 Calpurnius
481 3801 499 3864 7
517 3803 556 3862 79
1277 3817 1321 3859 uto

232 3944 249 3984 o
273 3925 388 3985 utinam
411 3922 495 3984 nobis
518 3941 578 3983 non
601 3922 718 3982 rustico
741 3921 832 3982 vestis
857 3921 983 3981 inesset:

236 4027 377 4088 uidissem
397 4027 524 4108 propius
546 4043 611 4086 meo
634 4025 771 4084 numina.
820 4023 873 4084 sed
895 4022 969 4082 nrilri
989 4021 1094 4083 sordes

230 4131 374 4210 pullaque
395 4137 561 4211 paupertas
585 4136 612 4189 et
633 4127 750 4188 adunco
771 4125 866 4207 fibula
889 4144 991 4186 rnorsu

232 4232 402 4314 obfuerunt.

75 4373 151 4432 nulli
184 4371 304 4431 bourini
335 4373 439 4431 inesse
470 4379 572 4450 potest
602 4371 709 4430 vestis.
758 4366 960 4429 scribendum
988 4365 1114 4427 ridetur
1137 4363 1258 4425 obesset.

74 4477 151 4534 nibil
178 4473 314 4554 impedit
338 4474 421 4553 quod
445 4474 591 4553 sequitur
613 4471 782 4553 obsrtrrunt.

161 4579 262 4638 CLVl.
288 4569 430 4638 Valerius
452 4577 579 4636 Flaccus
597 4594 616 4634 ιι
633 4577 693 4634 200

124 4695 253 4748 ttanpttt
274 4693 384 4745 opuscula
400 4693 436 4734 ur.
676 4696 680 4704 ·
