3156 5132
363 395 436 468 350
758 409 802 469 Ex
826 427 921 470 araur
945 409 1153 472 Banournnrrsr.

361 601 434 662 dicit
456 617 498 660 εει
519 597 615 660 adore
636 605 738 660 terrae
759 596 887 660 nebulus
908 598 998 660 oriri.
1045 615 1117 660 nam
1132 596 1313 660 Frideriuus
1329 597 1460 674 lacobus,
1479 597 1519 679 qni

363 700 447 765 idem
469 701 657 763 vocabulum
681 701 713 762 in
728 699 829 762 Aetna
854 719 884 761 v.
903 699 965 762 526
990 699 1224 763 restituendum
1246 719 1316 762 esse
1331 703 1457 778 censuit,
1477 701 1521 762 lal-

362 825 417 867 sus
439 816 487 867 est
508 823 579 866 oum
595 803 739 865 Gratiurn
755 803 873 884 Cyneg.
899 822 931 864 v.
949 803 990 864 to
1015 823 1052 864 eo
1075 822 1167 866 usum
1190 822 1261 866 esse
1283 802 1433 866 credidit:
1455 823 1523 864 nour

362 909 448 970 enim
477 907 520 968 ibi
543 915 690 969 veterum
712 904 866 968 librorum
889 907 1074 968 auctoritate
1097 905 1314 970 confirmatum
1337 917 1396 968 εει.
1439 925 1523 986 neque
1564 963 1565 992 q

363 1012 459 1072 sudor
486 1009 572 1091 apud
593 1009 775 1071 Lucretium
792 1027 814 1070 11
831 1009 892 1070 tot
917 1028 946 1070 rr
963 1009 1024 1072 502
1047 1028 1065 1071 a
1088 1009 1230 1072 Bentleio
1252 1019 1338 1072 recte
1363 1012 1395 1071 in
1416 1009 1525 1072 udorom

313 1183 317 1192 p
362 1123 501 1176 mutatus
523 1122 582 1174 est.
631 1113 662 1173 iu
678 1112 828 1174 Varronis
848 1121 954 1174 autem
977 1111 1059 1173 libro
1080 1112 1121 1174 de
1137 1113 1244 1194 lingua
1260 1115 1368 1175 Latina
1383 1114 1434 1175 r5
1456 1133 1483 1194 p.
1498 1113 1523 1173 ll

347 1219 419 1299 ¹Sp.
444 1216 524 1278 udor
547 1217 700 1296 scaligeri
726 1225 774 1276 est
796 1215 993 1294 coniectura,
1018 1214 1076 1278 aed
1101 1213 1189 1278 lalsa.
1237 1217 1270 1278 in
1292 1215 1401 1279 codiee
1423 1216 1528 1277 Floren-

363 1321 429 1382 tino
447 1320 530 1382 haec
551 1319 670 1400 scripta
692 1327 778 1396 sunt,
803 1317 872 1381 laiac
893 1317 974 1380 udus
996 1319 1122 1382 uuidar.
1168 1319 1238 1386 linc
1259 1321 1367 1383 sudor.
1412 1321 1528 1402 maarai

363 1423 504 1486 deorsum
533 1423 565 1484 in
588 1429 685 1484 erro.
731 1419 772 1482 ed
795 1439 899 1482 rocem
923 1439 1005 1500 quae
1027 1421 1193 1484 ostendor
1216 1423 1248 1484 in
1271 1425 1415 1504 margine
1435 1422 1472 1485 ab
1490 1440 1529 1484 ee-

364 1525 439 1587 dem
462 1543 558 1586 manu
580 1523 776 1604 adscriptum
800 1533 847 1585 est
863 1523 1008 1602 adortari,
1035 1525 1164 1604 incerta,
1191 1535 1227 1588 ut
1242 1526 1527 1607 Lagomarsinusait,

364 1629 468 1709 prima
489 1628 607 1690 littera.
654 1626 825 1688 Muellerus
846 1644 917 1688 curn
933 1628 1060 1708 scripsit
1074 1626 1145 1690 linc
1159 1627 1265 1706 sudor,
1289 1629 1370 1710 quod
1382 1629 1448 1710 fluit
1459 1629 1529 1690 datr·

365 1749 433 1794 aum
455 1732 488 1792 ic
509 1737 637 1808 mum,
662 1730 731 1810 ipsa
751 1730 901 1791 Varronis
923 1729 1021 1792 verba
1044 1729 1149 1792 videri
1172 1750 1235 1794 non
1258 1741 1364 1812 potest
1385 1731 1529 1794 adsecutus

366 1853 448 1912 esse,
473 1851 578 1914 nequo
601 1837 669 1916 ipse
692 1832 841 1912 credidit,
866 1835 1056 1896 sententiam
1079 1843 1185 1896 tamen
1207 1835 1277 1898 eius
1292 1846 1381 1897 recte
1397 1835 1525 1916 percepit.

366 1937 508 2018 disputat
529 1939 614 2001 enim
638 1937 678 2000 de
702 1936 864 1998 vocabulis
879 1955 962 2016 quae
977 1935 1018 1998 ab
1034 1936 1128 1998 humo
1144 1936 1230 2000 diota
1246 1957 1317 2000 esse
1332 1948 1433 2019 putat,
1449 1934 1527 2018 quod-

367 2060 430 2120 que
458 2040 584 2104 sudoris
606 2059 715 2103 vocem
739 2039 849 2102 eodem
874 2039 972 2102 relert
993 2040 1124 2102 minimo
1148 2039 1309 2122 discrepat
1330 2040 1373 2103 ab
1394 2041 1458 2103 aliis
1476 2039 1528 2100 cius

367 2145 448 2205 circa
467 2144 641 2224 veriloquis
656 2145 797 2206 somniis.
839 2144 871 2204 in
886 2142 1008 2205 Aetnae
1023 2142 1182 2221 versibus,
1209 2145 1241 2206 in
1258 2143 1378 2225 quibus
1393 2143 1431 2206 de
1445 2140 1527 2222 lepide

368 2248 477 2308 molari
500 2265 603 2309 sermo
627 2257 693 2324 est,
719 2247 914 2327 exemplaria
937 2243 1001 2307 fido
1022 2245 1168 2327 digniora
1190 2247 1268 2310 haec
1291 2247 1453 2328 praebent,
1474 2246 1525 2327 quir

368 2356 459 2413 etium
480 2357 651 2414 eoelremum
672 2349 786 2412 multus
814 2351 874 2431 (vel
896 2349 1008 2432 multt'a)
1035 2350 1120 2412 color
1141 2354 1207 2432 ipse
1227 2351 1356 2414 resolvit
1376 2353 1440 2414 Not
1457 2349 1525 2411 odora

369 2462 403 2518 ut
426 2454 533 2516 levitae
552 2457 656 2535 patula
678 2455 776 2536 mepta
799 2452 850 2514 illc
871 2453 1025 2534 mopisque
1051 2455 1120 2515 Uno
1141 2456 1241 2535 operis
1253 2454 1352 2535 scores
1367 2457 1464 2517 adem
1476 2470 1524 2534 pc·
1564 2473 1565 2520 t

368 2575 425 2639 que
453 2557 554 2620 ornam
576 2563 663 2618 terro
683 2563 736 2618 εει.
785 2556 817 2617 in
840 2556 948 2636 priore
970 2556 1128 2620 versiculo
1151 2555 1284 2620 lacobus
1303 2556 1346 2620 ed
1370 2559 1470 2639 inepta
1486 2553 1519 2616 a

369 2662 476 2741 lapsus
498 2669 557 2722 εει.
606 2678 679 2720 mox
700 2659 829 2739 scripsit
854 2657 974 2720 Udorve
988 2665 1043 2721 aet
1057 2666 1153 2736 cetus,
1179 2661 1212 2722 in
1228 2679 1291 2741 quo
1305 2671 1339 2723 et
1353 2669 1437 2724 αειεε
1450 2657 1518 2720 veria

368 2765 484 2826 simum
507 2772 554 2824 εει
570 2772 603 2824 ει
617 2762 774 2824 sententia
790 2762 915 2842 qualem
933 2761 1143 2842 requirimus:
1170 2762 1227 2826 sed
1243 2763 1356 2826 udoris
1369 2761 1524 2828 vocabulum

370 2876 483 2948 poetae
516 2865 635 2928 saeculi
664 2865 832 2928 Neroniani
866 2883 930 2926 non
960 2874 1027 2927 tuto
1056 2865 1221 2930 tribuitur
1273 2865 1424 2930 videntur
1449 2865 1525 2946 polim

371 2971 449 3032 haec
476 2969 507 3031 ei
530 2987 600 3031 esse
630 2967 812 3047 reddenda,
845 2969 918 3048 quin
941 2968 1031 3030 eoam
1053 2978 1230 3032 extenuans
1251 2970 1366 3032 moloc
1388 2969 1492 3034 calor
1482 2981 1565 3090 pur

371 3073 508 3136 resolvat
529 3069 593 3135 Aut
614 3071 724 3134 mador
746 3078 800 3132 cut
821 3077 926 3132 aeica:
953 3073 1056 3152 putris
1078 3081 1214 3153 atquae
1237 3083 1402 3137 secuntur.

457 3175 563 3239 liedeo
578 3174 619 3236 ad
634 3174 875 3236 Tertullianum.
916 3175 948 3234 in
965 3176 1056 3236 cuius
1070 3173 1152 3237 libro
1168 3174 1210 3237 de
1224 3177 1416 3256 spectaculis
1430 3195 1487 3256 cap
1500 3170 1565 3232 ⁴⁰

372 3280 450 3344 haec
481 3281 575 3358 vulgo
604 3278 722 3358 scripta
751 3287 844 3356 sunt,
875 3279 975 3358 itaque
999 3279 1154 3359 Porrpeiut
1178 3281 1329 3362 Nuptias,
1360 3280 1421 3342 soto
1440 3277 1528 3340 deum
1564 3263 1565 3340 l

372 3402 427 3445 suo
455 3384 572 3458 minor,
605 3399 672 3443 cum
701 3380 786 3442 illam
814 3398 916 3442 arcem
945 3383 1078 3443 omnium
1107 3381 1331 3462 turpitudinum
1353 3375 1565 3444 annuntiet

372 3488 488 3550 aemula
515 3485 693 3568 plaudoque
714 3483 876 3545 memoriae
897 3501 972 3546 auae
993 3485 1163 3546 censoriam
1184 3485 1470 3548 animadversam
1491 3480 1529 3540 Vt·
1564 3493 1565 3548 l

372 3591 457 3652 neria
480 3587 583 3650 uadem
605 3588 799 3668 ειφενροειιίι
820 3593 849 3648 el
869 3585 911 3648 ad
932 3585 1148 3650 dedicationem
1170 3587 1264 3652 edicto
1282 3589 1428 3670 populum
1443 3597 1529 3648 εεωιι
1564 3625 1565 3692 q

372 3689 624 3769 condentum,
650 3689 704 3752 sed
731 3690 852 3751 Veneria
874 3689 1017 3772 temptum
1038 3693 1243 3772 nunmpovit,
1278 3693 1347 3754 ‘otri
1366 3683 1565 3790 emetur

313 3797 472 3875 relinquit
495 3793 626 3876 ‘madata
648 3780 919 3873 pececatorum!
964 3794 1122 3856 theatrum
1145 3813 1248 3857 urcem
1264 3792 1329 3858 dici
1347 3797 1565 3858 mmor

371 3897 545 3980 pitudr'num
567 3898 767 3978 miraremur,
792 3895 849 3959 scd
872 3898 1021 3978 quoniam
1037 3899 1251 3962 Tertullianus
1271 3899 1400 3980 saepius
1420 3895 1565 3960 insultu

374 4011 423 4062 ter
452 4000 609 4081 loquitur,
640 4000 961 4081 adquiesceromus'
953 4021 985 4064 tn
1015 4000 1167 4064 vocabulo
1196 4003 1301 4066 minus
1323 3999 1489 4073 comnmdo,
1510 4012 1528 4054 ι

373 4103 454 4166 illud
482 4101 635 4168 librorum
665 4105 851 4168 auctoritate
879 4107 956 4166 satis
977 4105 1203 4168 communitum
1226 4115 1321 4168 esset.
1367 4105 1448 4185 atqui
1469 4079 1565 4161 lilttt

374 4205 551 4286 Agobardi,
586 4225 648 4288 quo
678 4209 742 4270 solo
771 4208 977 4270 fundamento
1004 4206 1098 4270 hodie
1120 4209 1235 4272 nititur
1256 4209 1353 4272 huius
1374 4207 1412 4270 dc
1431 4209 1528 4286 speda-

375 4309 454 4371 onlis
470 4308 693 4390 disputationis
714 4309 902 4392 emendatio,
921 4330 984 4373 non
1000 4329 1102 4373 arcem
1117 4311 1226 4390 habet,
1243 4311 1301 4374 sed
1316 4319 1430 4386 sorum,
1445 4317 1526 4382 ιιιιι

373 4422 477 4492 potest
499 4411 640 4474 dubitari
664 4415 693 4476 ei
717 4415 772 4494 qui
794 4415 918 4495 primus
934 4433 1036 4476 arcem
1051 4415 1179 4496 scripsit
1193 4433 1256 4478 non
1272 4413 1356 4478 bene
1371 4407 1526 4476 ειιωεειίιιι
1564 4483 1565 4494 ¹

375 4514 516 4578 studium
540 4515 744 4578 emendandi.
790 4517 895 4580 scribo
918 4527 1035 4581 mutata
1058 4537 1122 4581 una
1137 4528 1258 4582 tantum
1274 4519 1378 4582 littera
1392 4509 1525 4578 omilium
1564 4525 1565 4612 ι
