3252 5130
336 376 411 450 616
733 389 777 449 Ex
800 407 896 450 ιιιιιιι
919 389 1126 450 Βιιοιιιιειιει.

331 581 471 642 colorum
495 577 610 640 mantis
632 575 758 641 Aurasii
780 577 1054 642 Nazzucchellium
1071 576 1211 658 Procopii
1228 575 1384 637 Historiae
1406 573 1523 638 docue-

334 693 419 747 runt.
460 679 517 745 sod
540 681 607 761 ipsi
625 681 668 742 illi
693 699 806 744 versus
829 681 905 744 suis
926 679 1100 744 ostendunt
1116 678 1258 742 {fisdoiae
1281 688 1314 741 ot
1330 677 1445 740 laudae
1462 695 1521 740 non

333 784 467 847 eundem
500 783 596 846 fuisse
626 782 802 862 dicionem,
835 792 867 844 et
896 793 1076 863 congruunt
1105 799 1187 862 quae
1209 799 1250 843 ru
1268 781 1329 842 495
1357 781 1519 852 dicuntum

331 895 434 951 noster
450 886 594 968 ifisdaias
613 889 752 968 propriis
772 905 840 948 cum
861 883 998 968 pusitius
1013 887 1092 948 assit
1104 885 1280 965 Bermaqae
1294 892 1322 948 et
1337 885 1429 946 aelon
1444 888 1522 946 acies

328 991 513 1071 famulantis
540 989 669 1050 laudae.
716 991 825 1070 itaque
854 988 887 1049 in
917 989 1042 1052 arsuris
1070 987 1160 1053 aliud
1177 1005 1296 1057 nomen
1318 987 1394 1050 latet
1416 1006 1520 1067 noque

333 1093 445 1156 dubito
467 1093 633 1172 scripsisse
650 1091 823 1173 Corippum
838 1088 985 1174 Arsupir.
1033 1109 1130 1171 quum
1152 1092 1314 1171 regionem
1330 1109 1353 1152 ιι
1370 1091 1431 1151 tte
1448 1110 1521 1152 con-

332 1196 535 1273 memoruvit,
567 1197 745 1261 innumerae
758 1243 760 1251 ,
770 1202 874 1278 pentes
904 1195 991 1258 ilium
1019 1195 1201 1260 comitantur
1223 1200 1340 1262 ermino
1364 1227 1402 1237 -
1427 1195 1522 1255 nutrit

332 1318 407 1380 qnos
436 1297 565 1360 horrida
587 1297 676 1360 tellus
698 1294 835 1380 Areupis
856 1296 1004 1378 infandae
1028 1297 1158 1376 (netues
1179 1297 1225 1360 sio
1246 1296 1367 1360 rumine
1389 1295 1518 1374 dicunt),

331 1398 525 1466 Aurasitaua
546 1419 657 1464 manus
680 1401 769 1464 celsis
790 1399 944 1464 aucune
964 1399 1003 1466 ab
1025 1402 1099 1462 oris.
1147 1399 1303 1479 reliquam
1319 1417 1432 1462 versus
1448 1417 1522 1478 per-

293 1514 399 1566 istem
433 1491 650 1583 pro¹bobiliter
678 1503 849 1567 emendare
878 1521 942 1567 non
963 1522 1110 1584 possum:
1147 1501 1227 1566 nihil
1257 1503 1344 1564 onim
1372 1501 1521 1582 prodesse

333 1605 461 1668 videtur
483 1603 569 1686 quod
591 1607 623 1667 in
646 1603 728 1668 libro
743 1605 938 1668 Trivultiuno
961 1605 1002 1668 nd
1025 1613 1120 1668 torua
1141 1604 1182 1668 ah
1203 1605 1265 1671 alia
1287 1622 1384 1668 manu
1405 1625 1520 1666 cornua

331 1709 528 1790 adscriptum
557 1718 615 1770 est.
668 1717 843 1773 monstrum
877 1718 985 1771 autem
1014 1706 1094 1770 illud
1129 1707 1274 1772 vocabuli
1302 1716 1396 1770 tamea
1425 1711 1518 1771 etiam

331 1832 360 1875 ιι
379 1813 460 1872 tiso
483 1811 611 1892 legitur.

418 1914 605 1978 Iohannidos
620 1932 650 1975 ιι
666 1915 727 1978 999
744 1934 761 1975 ι
776 1914 838 1976 535
852 1914 912 1976 549
932 1915 993 1977 oto
1007 1913 1067 1974 670
1086 1923 1172 1979 recto
1187 1923 1349 1976 servatum
1362 1925 1408 1976 est
1425 1912 1520 1976 Arra·

331 2019 403 2096 rim,
429 2029 537 2082 contra
560 2019 641 2080 male
663 2020 818 2098 scripturn
841 2025 932 2082 estu
957 2018 1017 2083 iss
1041 2036 1071 2078 rr
1095 2019 1155 2078 tua
1180 2017 1240 2081 970
1254 2037 1283 2086 ,ιι
1306 2017 1369 2080 599
1391 2037 1431 2078 ιιι
1456 2019 1518 2078 379

332 2122 393 2182 475
413 2120 561 2184 Ger'sirialt
582 2122 740 2186 comtes
764 2120 950 2184 usuratu
968 2121 1030 2182 369
1048 2123 1110 2184 tao
1128 2119 1312 2194 annuunt,
1340 2141 1411 2184 cum
1439 2120 1521 2182 liber

330 2224 548 2287 Trivultianus
578 2225 784 2304 quantumvis
813 2222 875 2285 sibi
905 2242 969 2287 non
999 2233 1146 2288 constans
1175 2225 1252 2286 satis
1274 2233 1380 2286 tamen
1403 2224 1519 2286 indicet

332 2329 504 2408 Corippum
529 2327 672 2390 Geisiritlr
696 2337 727 2390 ct
752 2327 915 2391 Guntaritlr
944 2326 1084 2390 dedisse.
1132 2337 1250 2390 norunt
1276 2328 1334 2390 hos
1356 2329 1519 2388 nominum

331 2430 447 2495 formas
470 2432 527 2510 qui
550 2440 691 2492 vetustus
714 2429 944 2493 Germanorum
968 2431 1093 2511 linguas
1119 2449 1182 2494 non
1205 2431 1364 2511 ignorant.

418 2534 517 2598 CXLI.
557 2535 670 2596 Fronto
684 2532 727 2596 od
741 2533 779 2594 Μ.
800 2533 966 2595 Gaesarem
982 2553 992 2594 ι
1009 2534 1027 2594 5
1044 2553 1077 2615 p.
1098 2535 1137 2596 19
1153 2532 1231 2596 Νεὼ.
1249 2535 1402 2596 enimvero
1418 2537 1521 2595 omnia
1616 2510 1617 2527 χ

331 2639 424 2700 istaec
452 2639 531 2699 inter
555 2637 687 2698 Graecos
715 2655 826 2698 uersus
849 2639 961 2699 Latina
990 2639 1033 2700 ita
1055 2639 1128 2700 scite
1149 2637 1304 2700 alternata
1325 2645 1399 2700 sunt
1415 2659 1435 2698 a
1451 2647 1478 2700 te
1493 2647 1523 2699 et

332 2741 511 2821 interposita
531 2747 566 2802 ut
586 2746 632 2800 est
652 2740 704 2802 iile
727 2741 759 2800 in
777 2739 946 2820 pyrrhicio
976 2741 1194 2804 versicolorum
1223 2740 1401 2817 discursus,
1432 2758 1520 2821 mom

333 2844 437 2904 amicti
456 2861 539 2904 cacco
563 2843 629 2919 aiii,
655 2843 711 2905 aiii
732 2843 820 2921 iuteo,
847 2850 875 2906 et
896 2851 977 2906 ostro
1007 2851 1035 2906 et
1052 2861 1200 2924 purpura
1222 2845 1280 2906 alii
1299 2845 1412 2925 nlit'pire
1433 2843 1522 2905 coire-

332 2954 432 3008 reutes
454 2953 653 3021 concursant,
686 2955 844 3025 postrema
867 2945 1053 3026 Schopenus
1082 2947 1125 3008 ita
1153 2945 1380 3026 transfigurare
1406 2945 1518 3024 soluit,

332 3048 390 3108 aiii
411 3048 472 3110 alra
495 3047 622 3129 denipte
644 3049 742 3110 colore
764 3051 843 3110 inter
864 3067 896 3111 se
919 3056 1113 3112 concremant.
1160 3067 1223 3111 non
1251 3069 1333 3130 opus
1356 3057 1413 3136 est,
1431 3059 1519 3109 tento

332 3151 511 3228 molimine,
543 3149 600 3211 sed
629 3169 797 3230 possumus
828 3152 885 3214 heo
913 3151 1104 3214 modestiore
1134 3150 1264 3232 defungi
1287 3150 1517 3220 emendatione,

332 3272 420 3334 quom
442 3254 547 3315 amicti
567 3272 650 3315 cocco
672 3253 738 3333 alii,
765 3255 823 3316 aiii
843 3255 937 3332 iuteo,
963 3263 992 3317 et
1013 3262 1094 3317 ostro
1115 3263 1142 3317 et
1164 3273 1309 3336 purpura
1331 3255 1387 3316 olii
1405 3254 1518 3333 aliique

332 3357 502 3417 cohaerent
517 3365 548 3417 et
562 3364 757 3418 concursant.
785 3355 941 3439 Apuleius
956 3359 1079 3419 Metam.
1098 3377 1116 3420 x
1133 3359 1173 3418 99
1189 3377 1262 3420 ream
1275 3357 1372 3439 puelli
1382 3357 1519 3438 puellae-

332 3476 388 3539 que
410 3459 523 3520 virenti
540 3457 682 3538 florentes
704 3461 850 3538 aetatula,
873 3458 977 3540 farma
999 3461 1163 3541 conspicui,
1188 3467 1269 3522 ceste
1284 3460 1382 3538 nitidi,
1399 3462 1516 3520 incessu

330 3562 472 3644 pestuosi,
500 3563 719 3624 Graecam'cum
741 3562 889 3625 saltaturi
906 3562 1084 3644 pyrricham
1107 3562 1261 3644 dispositis
1280 3561 1517 3626 ordinationibus

331 3667 455 3728 decoros
477 3663 607 3726 ambitus
631 3664 820 3742 inurebant,
845 3683 928 3729 nunc
950 3667 982 3727 in
1004 3664 1105 3727 oriem
1120 3673 1251 3728 rotatum
1271 3665 1412 3746 menon,
1434 3683 1517 3724 nunc

332 3770 364 3829 in
387 3768 536 3848 obliquam
557 3768 667 3828 seriem
689 3769 801 3830 conani
820 3776 849 3830 et
869 3770 902 3829 iu
923 3769 1110 3850 quadratum
1136 3776 1273 3849 patorem
1296 3769 1415 3830 cuneati
1433 3773 1459 3827 et
1482 3769 1513 3827 iu

332 3879 474 3933 catervae
495 3869 657 3934 discidium
679 3872 826 3951 separati.

420 3973 532 4035 CXLII.
578 3971 733 4052 Apuleius
755 3975 878 4036 Metam.
898 3992 927 4035 rr
943 3973 981 4035 94
1005 3973 1053 4036 iris
1075 3981 1104 4037 et
1124 3973 1171 4034 iris
1189 3973 1339 4036 similibus
1361 3973 1513 4036 blateratis

332 4077 514 4158 nequiquam
537 4075 623 4138 dolor
644 4075 772 4137 sedatur
790 4077 923 4158 puellae.
971 4076 1099 4159 quidni?
1127 4095 1205 4158 quoe
1234 4079 1316 4139 inter
1344 4095 1436 4160 penem
1454 4091 1511 4136 suo

332 4177 465 4258 deposito
487 4180 584 4259 capite
605 4179 671 4239 sine
692 4178 777 4240 modo
797 4179 897 4260 siebat.
944 4199 1008 4242 non
1029 4189 1116 4242 recte
1131 4181 1313 4262 nequripuam
1329 4200 1346 4240 e
1362 4178 1428 4240 libri
1443 4177 1512 4236 Flo-

334 4281 452 4342 reatini
469 4281 584 4342 litteris
600 4281 794 4343 factumest:
813 4292 901 4363 patet
916 4284 1002 4345 enirn
1013 4281 1221 4345 scribendum
1234 4301 1305 4345 esse
1316 4297 1507 4364 nequaquam.

420 4384 506 4448 Idem
522 4404 551 4446 ιι
566 4385 607 4444 3t
623 4385 697 4468 puid
710 4395 844 4466 pectora,
862 4387 934 4467 quid
948 4385 1044 4448 ubera
1059 4393 1166 4448 sancia
1181 4387 1332 4449 tunditis?
1345 4385 1414 4446 iaec
1426 4388 1509 4443 uunt

333 4487 416 4550 uobis
431 4489 569 4570 eprepiae
580 4487 781 4570 formositatis
793 4507 876 4550 meae
883 4491 1050 4570 praeclara
1060 4491 1210 4570 praemia.
1237 4489 1371 4552 inuidiae
1382 4483 1506 4566 nefariae
1573 4487 1576 4491 ’
