3156 5132
560 430 728 492 Αιιιιιιοτι.
1164 415 1237 488 363

65 623 132 684 riam
153 623 294 701 excutio,
321 621 436 683 multos
458 629 563 683 autem
587 619 685 681 libros
707 628 838 700 propter
858 627 922 681 tam
945 620 1095 700 pusillum
1118 609 1239 683 iuven-¹

65 735 140 801 tum,
171 726 202 786 in
231 724 316 805 quod
346 741 409 786 non
439 733 540 804 potest
570 741 632 784 non
662 721 804 784 incidere
827 724 882 803 qui
905 733 1043 785 mentem
1066 723 1267 804 paullulum

64 825 236 906 intenderit,
260 827 463 908 pervolutare
487 826 567 888 nolo.
615 824 808 888 Ludovioum
831 835 917 888 certe
933 824 1130 888 Dindorfium
1146 826 1238 890 video

63 921 149 1016 ἧπαρ
171 930 250 994 illud
274 931 432 1012 ignorare.

140 1034 258 1096 XXXII.
289 1031 340 1095 Ad
362 1033 517 1114 Apollonii
540 1030 652 1095 uhodii
669 1050 678 1092 1
696 1031 757 1092 545
782 1041 874 1095 vetus
903 1032 1065 1114 interpres
1093 1043 1242 1113 quattuor

63 1155 167 1200 versus
187 1135 359 1218 adscripsit
380 1155 459 1216 quos
481 1145 572 1216 poeta
594 1133 626 1198 Ie
648 1136 686 1220 τῇ
708 1128 885 1220 προεκδόσει
907 1145 1066 1216 posuerat,

206 1231 284 1325 ἦμος
306 1236 340 1302 δὲ
361 1231 481 1324 τριτάτη
505 1232 587 1323 φάνη
609 1231 673 1322 ἠιθς
694 1232 765 1323 τῇδ’
791 1233 839 1300 ἐπί
861 1231 953 1302 νόκτα

211 1337 372 1429 βουθόσιον
388 1335 531 1406 Ἑκάτοιο
552 1335 717 1405 καταυτόθι
738 1338 950 1425 δαινυμένοισι,

209 1448 304 1530 τῆμος
326 1439 365 1531 ἂρ
386 1445 421 1508 ἐκ
444 1440 553 1509 Διόθεν
574 1438 664 1528 πνοιὴ
685 1441 785 1524 πέσον,
812 1434 890 1530 ὦρτο
912 1442 946 1508 δὲ
968 1441 1064 1530 Τιφυς
1149 1507 1154 1520 ,

209 1543 389 1633 κεκλόμενος
412 1546 525 1633 βαίνειν
548 1543 597 1610 tet
619 1546 758 1631 σέλμασι.
804 1544 850 1611 τοί
872 1542 901 1610 δ’
929 1543 1054 1621 ἀίοντες.

69 1651 108 1712 ibi
128 1649 215 1716 πέσον
238 1655 270 1714 ιιι
293 1651 382 1717 πόλιν
404 1650 592 1715 mutandum
614 1669 685 1713 esse
700 1650 863 1714 adnotavit
877 1650 1075 1716 cholredus
1091 1655 1245 1717 Herman-

71 1774 124 1818 nus
145 1756 176 1818 in
198 1756 374 1837 exemplari
395 1753 531 1836 quodam
545 1755 776 1836 opusculorum
793 1773 934 1836 suorum,
957 1755 1015 1818 ubi
1037 1767 1061 1818 t.
1080 1775 1110 1819 ιι
1132 1777 1163 1838 p.
1182 1760 1237 1820 Ill

70 1858 240 1921 llesiodium
264 1853 384 1944 Βορίαο
404 1851 546 1929 πεσόντος
568 1858 629 1939 Ορ.
647 1856 710 1920 547
733 1858 957 1939 explicaverat.
1154 1851 1156 1856 ’

143 1959 191 2024 dd
219 1960 377 2043 Apollonii
392 1979 403 2022 ι
419 1962 481 2023 ddi
514 1961 572 2024 hoc
600 1961 739 2024 scholion
770 1961 946 2043 adpositum
978 1973 1044 2042 est,
1076 1959 1242 2050 ἐπήβολος·

68 2059 202 2150 ίπιπιχθμ
215 2059 268 2128 καί
288 2061 378 2150 κυρία
400 2060 449 2128 ἐπί
470 2060 549 2149 τόχη
571 2065 631 2128 τῶν
653 2067 766 2146 κακῶν,
791 2055 812 2148 ἢ
836 2059 901 2128 όντί
923 2066 975 2130 τοῦ
991 2061 1180 2136 δοσιτόίουσα
1193 2065 1246 2132 καί

70 2165 264 2253 συμφέρουσα.
311 2169 410 2230 miror
431 2162 480 2231 tet
493 2161 583 2253 τόχη,
605 2168 691 2249 quod
704 2167 880 2232 absurdum
896 2179 955 2250 est,
979 2170 1145 2235 toleratum
1163 2189 1243 2251 esse,

70 2288 132 2330 cum
157 2282 303 2354 apertum
331 2273 373 2335 sit
394 2270 473 2353 quid
496 2272 660 2352 scripserit
682 2274 857 2336 scholiasta.
905 2273 1055 2336 nimirum
1079 2269 1128 2336 ἐπί
1151 2276 1242 2360 φυγῇ.

71 2375 177 2435 etenim
192 2373 350 2456 Apollonii
372 2393 485 2438 versus
508 2377 559 2437 hIc
582 2385 641 2456 est,
666 2378 717 2439 νῦν
739 2370 796 2462 γὰρ
820 2370 857 2461 δὴ
879 2371 962 2461 παρὰ
983 2373 1085 2441 ποσσίν
1101 2373 1248 2464 ἐπήβολός

71 2471 123 2539 ἐστ’
155 2471 287 2564 ὀλιωρή.
333 2495 432 2558 prope
461 2477 541 2540 afuit
563 2497 580 2539 a
603 2496 679 2542 vero
702 2479 856 2561 Georgius
877 2478 1037 2543 hrnaldus
1065 2501 1136 2544 eum
1162 2485 1244 2545 Lect.

74 2578 172 2642 Graec.
198 2601 229 2662 p.
248 2581 288 2642 53
313 2577 362 2644 ἐπί
383 2575 485 2666 pediu
506 2581 713 2645 scribendum
736 2599 806 2645 esse
830 2584 999 2646 coniceret.

147 2685 283 2746 XXXIII.
315 2681 446 2756 Δέλκος·
470 2682 560 2769 λίμνη
585 2679 767 2771 ίχθυοφόρος
787 2681 855 2770 περί
875 2682 929 2771 τὴν
953 2680 1086 2771 Θρηίκην.
1133 2689 1248 2769 legun-

73 2794 119 2846 tur
139 2787 213 2849 haec
228 2787 314 2868 apud
332 2789 534 2870 Hesychium.
573 2788 743 2870 adscripsit
757 2787 798 2850 ad
814 2808 849 2851 ea
866 2791 1034 2872 Sopingius
1050 2789 1135 2870 quod
1149 2791 1249 2854 Athe-

73 2905 162 2951 naeus
176 2909 209 2952 ιιι
232 2911 266 2971 p.
287 2884 363 2952 llilb
385 2900 510 2970 narrat,
535 2885 717 2976 Εὐθύδημος
739 2890 771 2954 ἐν
792 2895 835 2978 τῷ
856 2888 925 2978 περί
946 2889 1078 2978 ταρίχων
1100 2887 1150 2957 τὸν
1173 2895 1247 2958 διλ-

73 2986 153 3055 κονόν
180 3015 272 3078 φησιν
303 2988 391 3079 ίχθόν
421 2987 627 3078 ὀνομάζεσθαι
655 2989 713 3058 οἰπό
742 2993 896 3067 Δέλκωνος
924 2997 977 3059 τοῖι
1005 3000 1155 3080 ποταμοῦ,
1189 2993 1243 3085 ἀφ’

73 3085 155 3180 οὗπερ
175 3090 227 3159 καί
249 3089 429 3162 ἁλίσκεσθαι
450 3094 502 3162 καί
523 3092 756 3184 ταριχευόμενον
778 3093 1045 3185 εὐστομαχώτατον
1067 3096 1156 3164 εἶναι.
1204 3103 1247 3165 ibi

75 3196 268 3262 Casaubonus
290 3201 423 3264 coniecit
445 3202 564 3282 piscem
587 3203 691 3284 potius
712 3203 839 3265 allelco
861 3203 942 3282 lacu,
968 3204 1023 3284 qui
1046 3204 1189 3284 piscosus
1209 3205 1250 3268 ab
1337 3187 1339 3191 ’

77 3299 219 3383 hesychio
233 3311 411 3382 vocaretur,
430 3322 546 3367 nomen
561 3307 731 3387 accepisse.
771 3305 905 3370 abusum
922 3325 994 3368 eum
1011 3325 1081 3370 esse
1095 3306 1249 3374 Athenaei

77 3403 174 3468 verbis
195 3405 364 3468 adseverat
377 3408 545 3470 llauricius
561 3407 774 3472 SchmIdtius:
800 3429 873 3472 nam
897 3429 967 3472 cum
991 3412 1084 3472 tertio
1106 3421 1180 3476 ante
1197 3414 1250 3475 illa

77 3523 162 3570 versu
182 3508 268 3590 apud
283 3509 476 3589 Hesychium
498 3511 651 3592 scriptum
667 3513 709 3574 sit
723 3508 848 3576 Δέλλιι·
872 3512 969 3591 καλεῖ,
995 3513 1158 3594 coniungit
1173 3515 1251 3578 hace

79 3618 105 3670 et
124 3611 281 3674 lenIssima
303 3612 524 3677 emendatione
547 3616 590 3676 ita
612 3633 647 3678 se
663 3614 884 3698 redintegrare
899 3614 986 3695 dicit,
1012 3613 1138 3680 Δέλλοι·
1164 3612 1252 3682 Καλ-

80 3709 136 3784 λίας
163 3709 287 3801 δεκάτῳ.
335 3713 424 3800 λίμνη
447 3710 467 3800 ἡ
490 3713 651 3803 θαιορόρος
678 3717 738 3800 (vel
761 3715 975 3805 ίχθυοφθόρος)
1001 3713 1069 3804 περί
1089 3713 1142 3804 τὴν
1162 3713 1252 3807 ’Epi-

81 3837 139 3900 νην.
183 3819 345 3882 lenitatem
376 3821 467 3882 istam
496 3821 595 3882 miror
623 3820 804 3903 fateorque,
838 3825 864 3886 si
894 3823 947 3885 illa
969 3823 1051 3885 lenis
1073 3824 1252 3887 emendatio

82 3929 132 3996 cst,
153 3939 280 4005 asperas
303 3931 334 3984 ct
356 3923 511 3986 violentas
526 3943 576 3986 me
592 3923 684 3988 valde
705 3927 932 4006 pertimescere
983 3924 1132 3988 videntur
1146 3938 1253 3992 autem

83 4035 278 4088 commentum
308 4024 388 4088 illud
410 4027 489 4089 Delli
519 4028 679 4108 emisisse,
712 4047 791 4110 quos
814 4029 927 4092 Callias
956 4027 1032 4090 dicit
1060 4029 1178 4094 habere
1199 4027 1253 4105 τὰς

83 4116 221 4213 ἀναφορὰς
244 4131 302 4194 τῶν
323 4122 525 4214 πομφολύγων
546 4129 759 4215 παραπλησίας
774 4126 965 4217 βραζοόσαις.
1005 4130 1203 4196 defervescel
1222 4147 1255 4199 et

85 4241 236 4295 evanescet
257 4231 343 4295 bulla
366 4234 558 4315 simulatque
573 4233 752 4297 admoveris
768 4234 853 4316 quod
868 4234 1003 4317 praebet
1017 4235 1101 4301 Ordo
1116 4241 1255 4318 patriar-

85 4329 200 4396 charum
221 4335 403 4400 adcuratius
426 4355 521 4418 quam
544 4338 617 4408 clim
640 4339 755 4402 Iactum
778 4349 826 4402 est
848 4356 952 4420 nuper
974 4357 991 4400 a
1015 4339 1159 4402 Pertheio
1182 4361 1253 4404 cum

87 4431 220 4500 llieroclis
242 4438 437 4522 Synecdemo
466 4439 572 4504 editus
592 4461 625 4522 p.
644 4442 698 4502 59.
722 4436 739 4504 ὁ
762 4440 883 4505 Δίλκων
918 4435 1167 4528 (ἂρχιοπίσκοπος)
1195 4439 1254 4508 ἀπὸ

86 4534 131 4620 VI<
154 4541 448 4628 προσπαρακοιμόνης
469 4540 574 4627 λίμνης
595 4547 649 4628 τῆς
672 4542 797 4609 Δέλκου.
844 4537 922 4611 οότιυ
943 4539 1001 4631 γὰρ
1024 4542 1116 4634 αιἰτήν
1139 4543 1156 4612 ὁ
1179 4545 1254 4613 Διο-
