3156 5132
558 413 727 478 Aaronem.
1163 398 1237 471 377

67 615 226 666 statuamus
256 603 387 664 minime
416 604 630 666 necessarium
654 613 714 664 cst.
761 603 837 665 satis
860 603 944 664 enim
967 603 1161 683 perspicitur
1182 603 1239 665 ad-

66 709 194 788 posuisse
225 706 309 767 illam
340 705 604 769 medicamentum
628 703 752 788 Ascylto
783 725 879 786 quem
902 704 1101 786 adloquitur,
1133 725 1239 787 neque

66 810 236 872 inusitatum
267 819 315 871 est
345 807 399 871 ubi
429 828 488 890 per
516 818 543 872 et
573 810 760 891 perticulam
788 810 942 871 transitus
965 809 998 871 lit
1021 829 1038 871 a
1061 812 1239 871 narratione

64 913 99 974 ad
120 915 183 994 ipso
199 913 334 974 alicuius
349 911 447 975 verba
463 923 568 976 tamen
584 913 684 974 omitti
702 913 807 994 inpulit.
848 911 1009 974 Phaedrus
1024 932 1034 975 r
1050 915 1090 976 29
1108 915 1126 973 9
1150 932 1236 994 uper,

64 1035 123 1078 mm
151 1017 238 1079 veltet
263 1015 369 1098 sarem
396 1035 574 1100 penerosum
598 1019 753 1098 impetum,
785 1018 939 1097 Repressit
962 1019 1040 1078 irum
1063 1024 1091 1079 et
1122 1015 1240 1097 ‘facitis

64 1119 188 1182 sonatan
202 1127 246 1182 est
261 1119 344 1201 mibi,
372 1119 432 1181 Sed
447 1122 607 1202 inquinari
619 1121 687 1182 nolo
703 1123 812 1202 ipnaco
828 1121 998 1202 sanquine)
1044 1138 1149 1200 neque
1165 1139 1241 1182 vero

63 1235 160 1304 postea
183 1225 354 1304 quiequam
377 1221 560 1286 addendum
584 1232 642 1302 est,
668 1223 725 1284 sed
746 1221 951 1284 scribendum
967 1223 1048 1286 sotus
1065 1232 1163 1286 tamen
1178 1242 1241 1284 me-

62 1325 251 1388 dicamentum
278 1325 379 1388 ebibit
403 1328 472 1388 iste.

139 1429 254 1492 Contra
284 1429 402 1491 excidit
432 1449 507 1491 sanc
536 1428 658 1510 aliquid
681 1430 713 1490 in
737 1429 786 1490 his
810 1447 891 1510 quae
915 1431 1020 1510 capt
1046 1449 1079 1510 p.
1097 1430 1169 1489 ste
1193 1429 1241 1488 le-

38 1528 42 1536 “
63 1541 182 1613 guntur,
208 1532 317 1614 prrodsi
333 1540 514 1614 paterentur·
537 1531 674 1594 laborum
695 1532 812 1616 prodas
824 1535 902 1614 fieri,
928 1541 962 1594 ut
976 1532 1105 1594 studiosi
1119 1533 1240 1594 iurares

64 1635 175 1698 tectione
198 1654 309 1698 severa
330 1637 554 1719 inriparentur,
586 1643 620 1697 ut
642 1637 809 1717 sapientior
828 1638 998 1718 praeceptis
1021 1637 1138 1698 animos
1160 1654 1241 1697 eom-

62 1747 216 1817 ponerent‚
247 1747 281 1801 ut
302 1737 397 1800 cerba
418 1741 517 1801 atroet'
537 1740 605 1801 stilo
628 1738 808 1819 effoderent,
839 1747 872 1802 ut
895 1739 974 1821 quod
994 1740 1104 1802 vellent
1126 1739 1243 1801 imitari

62 1841 107 1900 diu
132 1842 278 1904 audirent
300 1840 358 1904 sibi
378 1842 455 1904 matt
476 1861 540 1904 esse
562 1845 752 1926 niapnaflcum
774 1843 852 1924 parad
872 1845 978 1924 pueris
996 1844 1147 1925 placeret,
1179 1845 1241 1903 iam

62 1944 107 2004 itta
133 1946 265 2027 prandis
293 1948 389 2007 oratio
411 1944 534 2008 luberet
556 1948 722 2008 maiestatis
745 1965 820 2008 suae
839 1946 979 2028 pondus:
1010 1945 1068 2009 sed
1088 1954 1122 2008 ut
1144 1946 1242 2008 disee-

62 2055 120 2108 rent
148 2057 220 2128 post
249 2048 393 2110 audirent
420 2047 578 2111 excidisse
609 2049 711 2112 inanis
734 2059 782 2112 est
804 2051 919 2131 opinio.
968 2049 1027 2112 sibi
1048 2050 1132 2112 enim
1157 2047 1240 2129 quod

62 2152 199 2231 sequitur
221 2149 360 2214 ostendit
383 2151 586 2214 scribendum
611 2171 681 2216 esse
704 2160 738 2215 ut
759 2153 837 2235 prod
859 2153 970 2217 vellent
983 2154 1102 2216 imitari
1114 2153 1167 2216 diu
1183 2171 1242 2214 ou-

62 2252 175 2334 dirent,
208 2263 241 2318 ut
272 2255 501 2335 persuaderent
530 2254 590 2317 sibi
616 2256 693 2318 nibil
721 2275 786 2319 esse
813 2258 1003 2341 maprrriieum
1032 2256 1110 2339 quod
1135 2257 1242 2338 pueris

60 2357 197 2434 placeret.

137 2457 240 2522 xtvt.
274 2460 351 2524 Cum
379 2462 439 2524 alia
469 2463 564 2525 multa
588 2481 669 2544 quae
694 2464 726 2524 in
749 2465 877 2545 seriptis
899 2467 933 2526 L.
958 2461 1078 2525 Annaei
1102 2465 1242 2524 Senecae

63 2565 205 2626 mendosa
234 2574 309 2627 suut
339 2565 455 2627 nullam
487 2565 587 2627 doctis
617 2565 797 2629 hominibus
825 2567 1037 2648 suspicionem
1061 2575 1240 2644 moverunt,

62 2675 118 2728 tum
150 2669 203 2730 illa
233 2669 370 2750 quaein
394 2669 554 2750 Dialogov
576 2670 644 2731 sive
667 2670 698 2730 in
723 2669 803 2731 libro
827 2671 867 2732 de
891 2669 1053 2733 ira1373
1079 2670 1238 2751 leguntur,

61 2789 112 2831 noa
134 2773 240 2855 (eequis
263 2771 410 2854 peritiam
434 2774 528 2835 oraclis
551 2772 749 2854 vidistiquis
770 2773 807 2834 de
828 2775 947 2856 inpenio
968 2782 1017 2836 tuo
1032 2773 1110 2836 male
1127 2774 1242 2834 loeutus

62 2881 108 2935 ast.
143 2877 255 2956 recipis
270 2875 349 2938 banc
365 2875 479 2958 lepem?
500 2896 572 2959 erpo
587 2883 614 2937 te
629 2877 758 2954 Ennius,
784 2895 839 2958 quo
854 2895 915 2938 non
930 2877 1102 2955 delectaris,
1120 2877 1240 2948 odisset,

61 2984 83 3036 rt
104 2979 282 3041 Hortensius
305 2979 473 3041 simultates
496 2977 550 3041 tibi
570 2978 726 3056 indiceret,
752 2988 780 3041 et
804 2981 917 3058 Cicero,
943 2983 972 3043 si
992 2980 1147 3043 derideres
1170 2999 1243 3041 car-

62 3081 235 3159 minacius,
262 3083 402 3145 inimicus
425 3090 512 3145 esset.
559 3103 622 3144 uon
644 3083 746 3164 potuit
761 3084 881 3146 Seneca
905 3103 1030 3146 causam
1046 3084 1241 3146 simultatum

61 3181 96 3241 ab
117 3185 281 3246 Hortensio
305 3186 573 3266 expectendorum
595 3186 773 3267 praeterire
796 3207 868 3249 cum
890 3189 1026 3250 Enniani
1042 3187 1242 3267 Tullianique

62 3283 117 3346 odii
140 3305 250 3350 causas
272 3287 417 3351 adderet.
465 3291 571 3370 itaque
594 3299 665 3370 post
687 3291 845 3352 Hortensii
868 3310 982 3354 nomen
1006 3291 1159 3353 eiusmodi
1183 3291 1242 3352 ali-

63 3389 133 3466 quid
162 3392 341 3471 intercidit,
372 3395 401 3453 si
427 3395 578 3455 orationes
601 3394 666 3454 eius
689 3392 880 3474 improbares.
927 3396 1078 3458 nimirum
1102 3412 1241 3474 eaquae

64 3495 167 3556 omissa
198 3505 272 3556 sunt
302 3505 334 3557 et
362 3495 531 3558 simultates
553 3494 638 3576 quod
661 3495 857 3577 sequebatur
880 3497 1000 3560 eisdem
1023 3498 1138 3560 titteris
1160 3498 1242 3559 inci-

65 3595 201 3673 piebant:
228 3617 291 3680 quo
314 3599 428 3661 tactum
452 3609 499 3661 est
522 3600 612 3662 utin
635 3600 878 3665 transcribendo
900 3611 1098 3684 peccaretur.

141 3701 173 3762 lu
196 3701 279 3764 libro
302 3701 343 3763 de
366 3701 630 3767 beneficiisv123
649 3707 668 3765 o
692 3705 771 3789 baec
792 3709 909 3787 scripta
932 3715 1023 3784 sunt,
1056 3704 1124 3767 vide
1146 3705 1244 3766 animi

63 3811 197 3879 puniam
219 3805 368 3882 audeant,
393 3807 642 3888 quemadmodum
664 3809 724 3871 soli
743 3817 797 3872 out
818 3811 959 3872 noverint
979 3808 1049 3871 deos
1072 3815 1126 3870 aut
1147 3825 1243 3890 puae-

64 3913 129 3968 raat
149 3915 175 3971 et
195 3917 293 3972 mente
315 3911 347 3971 in
370 3911 466 3972 altum
488 3910 562 3972 data
583 3911 691 3974 divina
712 3915 909 3977 comitentur:
932 3912 1008 3975 scies
1029 3931 1090 3974 non
1108 3929 1173 3973 esse
1187 3911 1241 3973 lao-

63 4009 163 4072 minem
188 4013 422 4076 tumultuarium
450 4022 478 4075 et
499 4015 692 4098 incapitaium
713 4035 800 4099 opus.
848 4017 942 4079 nimis
964 4035 1074 4078 securo
1098 4014 1242 4077 homiues

64 4107 138 4172 docti
160 4113 198 4176 de
214 4117 322 4197 lingna
339 4118 446 4179 Latina
463 4117 592 4180 tueruut
606 4120 722 4182 animo.
762 4119 967 4183 scribendum
982 4127 1029 4181 est
1045 4119 1129 4180 enim
1145 4125 1241 4180 mente

65 4213 90 4274 in
112 4216 201 4280 altum
224 4208 327 4282 eluta.¹
366 4219 449 4282 idem
465 4221 616 4284 mendum
633 4224 743 4286 tollere
758 4223 880 4287 dudum
896 4231 1078 4305 oportuerat
1094 4241 1133 4284 ex
1149 4222 1239 4283 Plinii
1250 4235 1299 4284 ars

65 4315 125 4379 b‘at.
148 4320 218 4384 bist.
236 4343 264 4385 m
289 4321 375 4406 568,
401 4323 455 4386 ubi
480 4325 564 4406 quod
587 4328 741 4408 scriptum
764 4337 832 4390 erat
855 4330 886 4390 in
907 4327 1002 4389 altum
1026 4325 1117 4388 datae
1138 4343 1241 4407 nuper

65 4415 180 4485 dentum
202 4437 381 4489 correctum
404 4439 450 4490 est
475 4439 601 4511 recepto
623 4449 663 4492 ex
686 4429 767 4493 libro
790 4433 960 4493 Larentina
983 4431 1088 4494 elatae.
1137 4447 1240 4493 sermo

66 4533 106 4584 est
128 4524 166 4588 de
186 4529 311 4610 apibus.
