<?xml version="1.0" encoding="UTF-8"?>
<!DOCTYPE html PUBLIC "-//W3C//DTD XHTML 1.0 Transitional//EN"
    "http://www.w3.org/TR/xhtml1/DTD/xhtml1-transitional.dtd">
<html xmlns="http://www.w3.org/1999/xhtml" xml:lang="en" lang="en">
 <head>
  <title>
</title>
<meta http-equiv="Content-Type" content="text/html;charset=utf-8" />
  <meta name='ocr-system' content='tesseract 3.04.00' />
  <meta name='ocr-capabilities' content='ocr_page ocr_carea ocr_par ocr_line ocrx_word'/>
</head>
<body>
  <div class='ocr_page' id='page_1' title='image "./mavriciihavptii01haupgoog/mavriciihavptii01haupgoog_0493.png"; bbox 0 0 3182 5132; ppageno 0'>
   <div class='ocr_carea' id='block_1_1' title="bbox 352 395 1140 470">
    <p class='ocr_par' dir='ltr' id='par_1_1' title="bbox 352 395 1140 470">
     <span class='ocr_line' id='line_1_1' title="bbox 352 395 1140 470; baseline 0.001 -5"><span class='ocrx_word' id='word_1_1' title='bbox 352 395 426 466; x_wconf 87' lang='grc'><em>480</em></span> <span class='ocrx_word' id='word_1_2' title='bbox 745 409 788 470; x_wconf 81' lang='lat' dir='ltr'><em>Ex</em></span> <span class='ocrx_word' id='word_1_3' title='bbox 810 426 907 470; x_wconf 75' lang='lat' dir='ltr'><em>auaui</em></span> <span class='ocrx_word' id='word_1_4' title='bbox 929 407 1140 468; x_wconf 82' lang='lat' dir='ltr'><em>Bnnomunusr.</em></span> 
     </span>
    </p>
   </div>
   <div class='ocr_carea' id='block_1_2' title="bbox 298 593 1519 4585">
    <p class='ocr_par' dir='ltr' id='par_1_2' title="bbox 351 593 1510 1500">
     <span class='ocr_line' id='line_1_2' title="bbox 352 593 1505 679; baseline -0.004 -19"><span class='ocrx_word' id='word_1_5' title='bbox 352 609 444 679; x_wconf 89' lang='lat' dir='ltr'><em>puta:</em></span> <span class='ocrx_word' id='word_1_6' title='bbox 471 597 618 659; x_wconf 90' lang='lat' dir='ltr'><em>similiter</em></span> <span class='ocrx_word' id='word_1_7' title='bbox 642 598 726 658; x_wconf 87' lang='lat' dir='ltr'><em>anim</em></span> <span class='ocrx_word' id='word_1_8' title='bbox 750 595 875 658; x_wconf 81' lang='lat' dir='ltr'>dixerat</span> <span class='ocrx_word' id='word_1_9' title='bbox 890 593 908 677; x_wconf 61' lang='grc' dir='ltr'><strong>ξ</strong></span> <span class='ocrx_word' id='word_1_10' title='bbox 925 595 943 654; x_wconf 86' lang='lat' dir='ltr'><em>b</em></span> <span class='ocrx_word' id='word_1_11' title='bbox 962 596 1185 676; x_wconf 78' lang='lat' dir='ltr'><em>praecipueque</em></span> <span class='ocrx_word' id='word_1_12' title='bbox 1206 596 1239 656; x_wconf 87' lang='lat' dir='ltr'><em>in</em></span> <span class='ocrx_word' id='word_1_13' title='bbox 1261 595 1376 658; x_wconf 85' lang='lat' dir='ltr'><em>duabus</em></span> <span class='ocrx_word' id='word_1_14' title='bbox 1395 595 1435 656; x_wconf 85' lang='lat' dir='ltr'><em>lis</em></span> <span class='ocrx_word' id='word_1_15' title='bbox 1445 613 1505 676; x_wconf 87' lang='lat' dir='ltr'><em>par-</em></span> 
     </span>
     <span class='ocr_line' id='line_1_3' title="bbox 352 699 1506 782; baseline -0.005 -19"><span class='ocrx_word' id='word_1_16' title='bbox 352 701 431 763; x_wconf 87' lang='lat' dir='ltr'><em>tibus</em></span> <span class='ocrx_word' id='word_1_17' title='bbox 450 717 601 782; x_wconf 80' lang='lat' dir='ltr'><em>perquam</em></span> <span class='ocrx_word' id='word_1_18' title='bbox 623 709 695 762; x_wconf 87' lang='lat' dir='ltr'><em>sunt</em></span> <span class='ocrx_word' id='word_1_19' title='bbox 714 719 819 780; x_wconf 86' lang='lat' dir='ltr'><em>paura</em></span> <span class='ocrx_word' id='word_1_20' title='bbox 842 701 925 760; x_wconf 90' lang='lat' dir='ltr'><em>circa</em></span> <span class='ocrx_word' id='word_1_21' title='bbox 948 717 1027 780; x_wconf 81' lang='lat' dir='ltr'><em>quae</em></span> <span class='ocrx_word' id='word_1_22' title='bbox 1049 699 1079 760; x_wconf 87' lang='lat' dir='ltr'><em>si</em></span> <span class='ocrx_word' id='word_1_23' title='bbox 1101 700 1126 760; x_wconf 88' lang='lat' dir='ltr'><em>is</em></span> <span class='ocrx_word' id='word_1_24' title='bbox 1148 699 1203 779; x_wconf 76' lang='lat' dir='ltr'><em>qui</em></span> <span class='ocrx_word' id='word_1_25' title='bbox 1224 700 1389 760; x_wconf 72' lang='lat' dir='ltr'><em>instituitur</em></span> <span class='ocrx_word' id='word_1_26' title='bbox 1406 716 1506 758; x_wconf 84' lang='lat' dir='ltr'><em>nonre-</em></span> 
     </span>
     <span class='ocr_line' id='line_1_4' title="bbox 351 799 1507 886; baseline -0.003 -22"><span class='ocrx_word' id='word_1_27' title='bbox 351 805 534 886; x_wconf 82' lang='lat' dir='ltr'><em>pupuauerit</em></span> <span class='ocrx_word' id='word_1_28' title='bbox 552 822 684 884; x_wconf 87' lang='lat' dir='ltr'><em>pronum</em></span> <span class='ocrx_word' id='word_1_29' title='bbox 708 803 750 864; x_wconf 92' lang='lat' dir='ltr'><em>ad</em></span> <span class='ocrx_word' id='word_1_30' title='bbox 772 810 872 864; x_wconf 89' lang='lat' dir='ltr'><em>cetera</em></span> <span class='ocrx_word' id='word_1_31' title='bbox 893 799 1056 863; x_wconf 75' lang='lat' dir='ltr'><em>habitamus</em></span> <span class='ocrx_word' id='word_1_32' title='bbox 1079 807 1124 862; x_wconf 88' lang='lat' dir='ltr'><em>est</em></span> <span class='ocrx_word' id='word_1_33' title='bbox 1144 818 1281 864; x_wconf 88' lang='lat' dir='ltr'><em>cursum.</em></span> <span class='ocrx_word' id='word_1_34' title='bbox 1321 801 1377 862; x_wconf 86' lang='lat' dir='ltr'><em>sed</em></span> <span class='ocrx_word' id='word_1_35' title='bbox 1392 802 1507 882; x_wconf 80' lang='lat' dir='ltr'><em>proxima</em></span> 
     </span>
     <span class='ocr_line' id='line_1_5' title="bbox 353 904 1507 987; baseline -0.005 -19"><span class='ocrx_word' id='word_1_36' title='bbox 353 906 524 987; x_wconf 86' lang='lat' dir='ltr'><em>depravata</em></span> <span class='ocrx_word' id='word_1_37' title='bbox 549 915 634 968; x_wconf 90' lang='lat' dir='ltr'><em>sunt.</em></span> <span class='ocrx_word' id='word_1_38' title='bbox 681 913 766 968; x_wconf 88' lang='lat' dir='ltr'><em>certo</em></span> <span class='ocrx_word' id='word_1_39' title='bbox 789 904 1057 986; x_wconf 69' lang='lat' dir='ltr'><em>praedamnarat</em></span> <span class='ocrx_word' id='word_1_40' title='bbox 1080 909 1126 964; x_wconf 86' lang='lat' dir='ltr'><em>est</em></span> <span class='ocrx_word' id='word_1_41' title='bbox 1146 911 1174 965; x_wconf 89' lang='lat' dir='ltr'><em>et</em></span> <span class='ocrx_word' id='word_1_42' title='bbox 1196 907 1227 965; x_wconf 90' lang='lat' dir='ltr'><em>in</em></span> <span class='ocrx_word' id='word_1_43' title='bbox 1249 922 1313 985; x_wconf 84' lang='lat' dir='ltr'><em>qua</em></span> <span class='ocrx_word' id='word_1_44' title='bbox 1334 905 1423 966; x_wconf 87' lang='lat' dir='ltr'><em>multa</em></span> <span class='ocrx_word' id='word_1_45' title='bbox 1440 905 1507 965; x_wconf 79' lang='lat' dir='ltr'><em>uiam</em></span> 
     </span>
     <span class='ocr_line' id='line_1_6' title="bbox 352 1005 1508 1089; baseline -0.006 -17"><span class='ocrx_word' id='word_1_46' title='bbox 352 1011 417 1072; x_wconf 84' lang='lat' dir='ltr'><em>sine</em></span> <span class='ocrx_word' id='word_1_47' title='bbox 439 1009 579 1071; x_wconf 84' lang='lat' dir='ltr'><em>doctrina</em></span> <span class='ocrx_word' id='word_1_48' title='bbox 597 1015 758 1089; x_wconf 86' lang='lat' dir='ltr'><em>praestare</em></span> <span class='ocrx_word' id='word_1_49' title='bbox 773 1007 879 1069; x_wconf 86' lang='lat' dir='ltr'><em>debeat</em></span> <span class='ocrx_word' id='word_1_50' title='bbox 890 1023 948 1087; x_wconf 85' lang='lat' dir='ltr'><em>per</em></span> <span class='ocrx_word' id='word_1_51' title='bbox 963 1024 995 1068; x_wconf 89' lang='lat' dir='ltr'><em>se</em></span> <span class='ocrx_word' id='word_1_52' title='bbox 1010 1005 1079 1086; x_wconf 86' lang='lat' dir='ltr'><em>ipsa</em></span> <span class='ocrx_word' id='word_1_53' title='bbox 1094 1012 1221 1083; x_wconf 83' lang='lat' dir='ltr'><em>natura,</em></span> <span class='ocrx_word' id='word_1_54' title='bbox 1245 1017 1281 1068; x_wconf 90' lang='lat' dir='ltr'><em>ut</em></span> <span class='ocrx_word' id='word_1_55' title='bbox 1293 1007 1366 1069; x_wconf 85' lang='lat' dir='ltr'><em>baec</em></span> <span class='ocrx_word' id='word_1_56' title='bbox 1379 1009 1412 1068; x_wconf 87' lang='lat' dir='ltr'><em>de</em></span> <span class='ocrx_word' id='word_1_57' title='bbox 1425 1006 1508 1089; x_wconf 76' lang='lat' dir='ltr'><em>pibus</em></span> 
     </span>
     <span class='ocr_line' id='line_1_7' title="bbox 353 1107 1510 1190; baseline -0.004 -18"><span class='ocrx_word' id='word_1_58' title='bbox 353 1112 425 1173; x_wconf 86' lang='lat' dir='ltr'><em>diaci</em></span> <span class='ocrx_word' id='word_1_59' title='bbox 447 1131 507 1172; x_wconf 88' lang='lat' dir='ltr'><em>non</em></span> <span class='ocrx_word' id='word_1_60' title='bbox 530 1118 592 1172; x_wconf 91' lang='lat' dir='ltr'><em>tam</em></span> <span class='ocrx_word' id='word_1_61' title='bbox 615 1113 739 1172; x_wconf 86' lang='lat' dir='ltr'><em>inuento</em></span> <span class='ocrx_word' id='word_1_62' title='bbox 761 1129 783 1171; x_wconf 88' lang='lat' dir='ltr'><em>a</em></span> <span class='ocrx_word' id='word_1_63' title='bbox 802 1107 1051 1190; x_wconf 72' lang='lat' dir='ltr'><em>praeceptoribus</em></span> <span class='ocrx_word' id='word_1_64' title='bbox 1072 1127 1166 1190; x_wconf 65' lang='lat' dir='ltr'><em>mam</em></span> <span class='ocrx_word' id='word_1_65' title='bbox 1181 1127 1248 1170; x_wconf 81' lang='lat' dir='ltr'><em>aim</em></span> <span class='ocrx_word' id='word_1_66' title='bbox 1261 1111 1367 1190; x_wconf 73' lang='lat' dir='ltr'><em>fierent</em></span> <span class='ocrx_word' id='word_1_67' title='bbox 1381 1109 1510 1172; x_wconf 76' lang='lat' dir='ltr'><em>obsonato</em></span> 
     </span>
     <span class='ocr_line' id='line_1_8' title="bbox 353 1212 1509 1292; baseline -0.004 -16"><span class='ocrx_word' id='word_1_68' title='bbox 353 1233 418 1277; x_wconf 89' lang='lat' dir='ltr'><em>esse</em></span> <span class='ocrx_word' id='word_1_69' title='bbox 440 1213 617 1276; x_wconf 86' lang='lat' dir='ltr'><em>uideantur.</em></span> <span class='ocrx_word' id='word_1_70' title='bbox 664 1213 770 1276; x_wconf 86' lang='lat' dir='ltr'><em>neseio</em></span> <span class='ocrx_word' id='word_1_71' title='bbox 792 1223 898 1274; x_wconf 87' lang='lat' dir='ltr'><em>autem</em></span> <span class='ocrx_word' id='word_1_72' title='bbox 921 1231 960 1274; x_wconf 92' lang='lat' dir='ltr'><em>an</em></span> <span class='ocrx_word' id='word_1_73' title='bbox 984 1229 1067 1292; x_wconf 88' lang='lat' dir='ltr'><em>quae</em></span> <span class='ocrx_word' id='word_1_74' title='bbox 1090 1212 1204 1274; x_wconf 87' lang='lat' dir='ltr'><em>vitium</em></span> <span class='ocrx_word' id='word_1_75' title='bbox 1226 1212 1346 1274; x_wconf 87' lang='lat' dir='ltr'><em>habent</em></span> <span class='ocrx_word' id='word_1_76' title='bbox 1366 1213 1470 1275; x_wconf 86' lang='lat' dir='ltr'><em>leuiore</em></span> <span class='ocrx_word' id='word_1_77' title='bbox 1488 1221 1509 1272; x_wconf 86' lang='lat' dir='ltr'><em>et</em></span> 
     </span>
     <span class='ocr_line' id='line_1_9' title="bbox 353 1313 1509 1399; baseline -0.005 -20"><span class='ocrx_word' id='word_1_78' title='bbox 353 1320 474 1399; x_wconf 78' lang='lat' dir='ltr'><em>aptiore</em></span> <span class='ocrx_word' id='word_1_79' title='bbox 503 1315 644 1378; x_wconf 90' lang='lat' dir='ltr'><em>remedio</em></span> <span class='ocrx_word' id='word_1_80' title='bbox 667 1317 771 1377; x_wconf 86' lang='lat' dir='ltr'><em>sanari</em></span> <span class='ocrx_word' id='word_1_81' title='bbox 793 1317 915 1396; x_wconf 86' lang='lat' dir='ltr'><em>possint</em></span> <span class='ocrx_word' id='word_1_82' title='bbox 937 1333 1033 1396; x_wconf 86' lang='lat' dir='ltr'><em>quam</em></span> <span class='ocrx_word' id='word_1_83' title='bbox 1055 1314 1160 1394; x_wconf 90' lang='lat' dir='ltr'><em>qualia</em></span> <span class='ocrx_word' id='word_1_84' title='bbox 1183 1313 1288 1379; x_wconf 89' lang='lat' dir='ltr'><em>adhuc</em></span> <span class='ocrx_word' id='word_1_85' title='bbox 1309 1314 1427 1377; x_wconf 87' lang='lat' dir='ltr'><em>admota</em></span> <span class='ocrx_word' id='word_1_86' title='bbox 1446 1325 1509 1376; x_wconf 89' lang='lat' dir='ltr'><em>sunt.</em></span> 
     </span>
     <span class='ocr_line' id='line_1_10' title="bbox 354 1418 1510 1500; baseline -0.004 -20"><span class='ocrx_word' id='word_1_87' title='bbox 354 1420 484 1482; x_wconf 89' lang='lat' dir='ltr'><em>videtur</em></span> <span class='ocrx_word' id='word_1_88' title='bbox 499 1421 585 1481; x_wconf 89' lang='lat' dir='ltr'><em>enim</em></span> <span class='ocrx_word' id='word_1_89' title='bbox 601 1419 679 1480; x_wconf 88' lang='lat' dir='ltr'><em>mihi</em></span> <span class='ocrx_word' id='word_1_90' title='bbox 695 1419 909 1492; x_wconf 79' lang='lat' dir='ltr'><em>Quintilianus</em></span> <span class='ocrx_word' id='word_1_91' title='bbox 924 1419 1089 1499; x_wconf 82' lang='lat' dir='ltr'><em>scripsisse</em></span> <span class='ocrx_word' id='word_1_92' title='bbox 1105 1425 1216 1498; x_wconf 88' lang='lat' dir='ltr'><em>aperta</em></span> <span class='ocrx_word' id='word_1_93' title='bbox 1230 1418 1380 1500; x_wconf 59' lang='lat' dir='ltr'><em>mnam</em></span> <span class='ocrx_word' id='word_1_94' title='bbox 1395 1437 1461 1480; x_wconf 85' lang='lat' dir='ltr'><em>area</em></span> <span class='ocrx_word' id='word_1_95' title='bbox 1472 1424 1510 1478; x_wconf 85' lang='lat' dir='ltr'><em>est.</em></span> 
     </span>
    </p>

    <p class='ocr_par' dir='ltr' id='par_1_3' title="bbox 354 1519 1514 2012">
     <span class='ocr_line' id='line_1_11' title="bbox 440 1519 1513 1606; baseline -0.004 -22"><span class='ocrx_word' id='word_1_96' title='bbox 440 1522 653 1596; x_wconf 86' lang='lat' dir='ltr'><em>Quintilianus</em></span> <span class='ocrx_word' id='word_1_97' title='bbox 665 1541 716 1582; x_wconf 85' lang='lat' dir='ltr'><em>uu</em></span> <span class='ocrx_word' id='word_1_98' title='bbox 730 1523 748 1584; x_wconf 64' lang='grc' dir='ltr'><strong>ἓ</strong></span> <span class='ocrx_word' id='word_1_99' title='bbox 763 1522 800 1581; x_wconf 83' lang='grc'><em>43</em></span> <span class='ocrx_word' id='word_1_100' title='bbox 815 1519 934 1600; x_wconf 81' lang='lat' dir='ltr'><em>fallunt</em></span> <span class='ocrx_word' id='word_1_101' title='bbox 948 1523 1040 1583; x_wconf 87' lang='lat' dir='ltr'><em>etiam</em></span> <span class='ocrx_word' id='word_1_102' title='bbox 1055 1519 1150 1606; x_wconf 83' lang='lat' dir='ltr'><em>verba</em></span> <span class='ocrx_word' id='word_1_103' title='bbox 1165 1521 1213 1582; x_wconf 83' lang='lat' dir='ltr'><em>vel</em></span> <span class='ocrx_word' id='word_1_104' title='bbox 1228 1520 1402 1603; x_wconf 82' lang='lat' dir='ltr'><em>repiombus</em></span> <span class='ocrx_word' id='word_1_105' title='bbox 1414 1519 1513 1603; x_wconf 84' lang='lat' dir='ltr'><em>quibus·</em></span> 
     </span>
     <span class='ocr_line' id='line_1_12' title="bbox 354 1623 1513 1708; baseline -0.004 -21"><span class='ocrx_word' id='word_1_106' title='bbox 354 1625 425 1687; x_wconf 91' lang='lat' dir='ltr'><em>dom</em></span> <span class='ocrx_word' id='word_1_107' title='bbox 446 1628 546 1708; x_wconf 84' lang='lat' dir='ltr'><em>mapis</em></span> <span class='ocrx_word' id='word_1_108' title='bbox 565 1624 743 1705; x_wconf 71' lang='lat' dir='ltr'><em>familiaria</em></span> <span class='ocrx_word' id='word_1_109' title='bbox 766 1625 814 1685; x_wconf 89' lang='lat' dir='ltr'><em>vel</em></span> <span class='ocrx_word' id='word_1_110' title='bbox 836 1626 953 1686; x_wconf 88' lang='lat' dir='ltr'><em>artium</em></span> <span class='ocrx_word' id='word_1_111' title='bbox 971 1625 1113 1705; x_wconf 81' lang='lat' dir='ltr'><em>propria,</em></span> <span class='ocrx_word' id='word_1_112' title='bbox 1137 1631 1171 1684; x_wconf 91' lang='lat' dir='ltr'><em>ut</em></span> <span class='ocrx_word' id='word_1_113' title='bbox 1195 1623 1357 1686; x_wconf 80' lang='lat' dir='ltr'><em>‘atabulus</em></span> <span class='ocrx_word' id='word_1_114' title='bbox 1372 1625 1513 1686; x_wconf 83' lang='lat' dir='ltr'><em>uenms&#39;cl</em></span> 
     </span>
     <span class='ocr_line' id='line_1_13' title="bbox 357 1724 1514 1791; baseline -0.004 -2"><span class='ocrx_word' id='word_1_115' title='bbox 357 1731 464 1791; x_wconf 81' lang='lat' dir='ltr'><em>‘naur&#39;s</em></span> <span class='ocrx_word' id='word_1_116' title='bbox 492 1728 650 1790; x_wconf 88' lang='lat' dir='ltr'><em>saccarin’</em></span> <span class='ocrx_word' id='word_1_117' title='bbox 680 1735 709 1788; x_wconf 89' lang='lat' dir='ltr'><em>et</em></span> <span class='ocrx_word' id='word_1_118' title='bbox 730 1729 762 1788; x_wconf 90' lang='lat' dir='ltr'><em>in</em></span> <span class='ocrx_word' id='word_1_119' title='bbox 784 1729 863 1789; x_wconf 90' lang='lat' dir='ltr'><em>molo</em></span> <span class='ocrx_word' id='word_1_120' title='bbox 895 1726 1079 1788; x_wconf 86' lang='lat' dir='ltr'><em>‘cosanum’</em></span> <span class='ocrx_word' id='word_1_121' title='bbox 1124 1725 1275 1788; x_wconf 88' lang='lat' dir='ltr'><em>audacior·</em></span> <span class='ocrx_word' id='word_1_122' title='bbox 1297 1725 1428 1789; x_wconf 86' lang='lat' dir='ltr'><em>videbor</em></span> <span class='ocrx_word' id='word_1_123' title='bbox 1446 1727 1469 1787; x_wconf 90' lang='lat' dir='ltr'><em>si</em></span> <span class='ocrx_word' id='word_1_124' title='bbox 1486 1724 1514 1784; x_wconf 83' lang='lat' dir='ltr'><em>de</em></span> 
     </span>
     <span class='ocr_line' id='line_1_14' title="bbox 354 1827 1513 1910; baseline -0.004 -18"><span class='ocrx_word' id='word_1_125' title='bbox 354 1831 489 1894; x_wconf 87' lang='lat' dir='ltr'><em>obscuro</em></span> <span class='ocrx_word' id='word_1_126' title='bbox 518 1829 616 1892; x_wconf 80' lang='lat' dir='ltr'><em>verba</em></span> <span class='ocrx_word' id='word_1_127' title='bbox 646 1830 827 1909; x_wconf 88' lang='lat' dir='ltr'><em>opinionem</em></span> <span class='ocrx_word' id='word_1_128' title='bbox 857 1828 1035 1910; x_wconf 78' lang='lat' dir='ltr'><em>proferam,</em></span> <span class='ocrx_word' id='word_1_129' title='bbox 1068 1827 1125 1890; x_wconf 86' lang='lat' dir='ltr'><em>sed</em></span> <span class='ocrx_word' id='word_1_130' title='bbox 1148 1831 1217 1890; x_wconf 91' lang='lat' dir='ltr'><em>veri</em></span> <span class='ocrx_word' id='word_1_131' title='bbox 1245 1839 1350 1892; x_wconf 87' lang='lat' dir='ltr'><em>tamen</em></span> <span class='ocrx_word' id='word_1_132' title='bbox 1373 1827 1513 1891; x_wconf 84' lang='lat' dir='ltr'><em>admodum</em></span> 
     </span>
     <span class='ocr_line' id='line_1_15' title="bbox 355 1931 1514 2012; baseline -0.005 -16"><span class='ocrx_word' id='word_1_133' title='bbox 355 1935 457 1996; x_wconf 92' lang='lat' dir='ltr'><em>simile</em></span> <span class='ocrx_word' id='word_1_134' title='bbox 481 1933 562 1996; x_wconf 88' lang='lat' dir='ltr'><em>dueo</em></span> <span class='ocrx_word' id='word_1_135' title='bbox 586 1931 792 1994; x_wconf 90' lang='lat' dir='ltr'><em>scribendum</em></span> <span class='ocrx_word' id='word_1_136' title='bbox 816 1951 884 1994; x_wconf 88' lang='lat' dir='ltr'><em>esse</em></span> <span class='ocrx_word' id='word_1_137' title='bbox 908 1941 936 1994; x_wconf 90' lang='lat' dir='ltr'><em>el</em></span> <span class='ocrx_word' id='word_1_138' title='bbox 960 1933 1069 1994; x_wconf 85' lang='lat' dir='ltr'><em>‘nanis</em></span> <span class='ocrx_word' id='word_1_139' title='bbox 1092 1931 1260 1993; x_wconf 85' lang='lat' dir='ltr'><em>stlatnria.’</em></span> <span class='ocrx_word' id='word_1_140' title='bbox 1306 1933 1385 2012; x_wconf 88' lang='lat' dir='ltr'><em>quid</em></span> <span class='ocrx_word' id='word_1_141' title='bbox 1400 1949 1514 1996; x_wconf 85' lang='lat' dir='ltr'><em>cosouau</em></span> 
     </span>
    </p>

    <p class='ocr_par' dir='ltr' id='par_1_4' title="bbox 298 2024 1517 2306">
     <span class='ocr_line' id='line_1_16' title="bbox 298 2024 1517 2116; baseline -0.002 -20"><span class='ocrx_word' id='word_1_142' title='bbox 298 2051 346 2097; x_wconf 78' lang='lat' dir='ltr'><em>aab</em></span> <span class='ocrx_word' id='word_1_143' title='bbox 357 2037 398 2099; x_wconf 89' lang='lat' dir='ltr'><em>sit</em></span> <span class='ocrx_word' id='word_1_144' title='bbox 420 2055 482 2098; x_wconf 90' lang='lat' dir='ltr'><em>non</em></span> <span class='ocrx_word' id='word_1_145' title='bbox 505 2047 639 2116; x_wconf 85' lang='lat' dir='ltr'><em>exputo:</em></span> <span class='ocrx_word' id='word_1_146' title='bbox 666 2024 779 2115; x_wconf 77' lang='lat' dir='ltr'><em>neque¹</em></span> <span class='ocrx_word' id='word_1_147' title='bbox 804 2037 889 2098; x_wconf 89' lang='lat' dir='ltr'><em>anim</em></span> <span class='ocrx_word' id='word_1_148' title='bbox 905 2037 967 2098; x_wconf 87' lang='lat' dir='ltr'><em>hue</em></span> <span class='ocrx_word' id='word_1_149' title='bbox 982 2037 1145 2116; x_wconf 88' lang='lat' dir='ltr'><em>pertinere</em></span> <span class='ocrx_word' id='word_1_150' title='bbox 1160 2033 1290 2096; x_wconf 86' lang='lat' dir='ltr'><em>videtur</em></span> <span class='ocrx_word' id='word_1_151' title='bbox 1305 2035 1391 2115; x_wconf 90' lang='lat' dir='ltr'><em>quod</em></span> <span class='ocrx_word' id='word_1_152' title='bbox 1405 2037 1436 2098; x_wconf 93' lang='lat' dir='ltr'><em>in</em></span> <span class='ocrx_word' id='word_1_153' title='bbox 1450 2035 1517 2095; x_wconf 79' lang='lat' dir='ltr'><em>(llos</em></span> 
     </span>
     <span class='ocr_line' id='line_1_17' title="bbox 355 2136 1515 2216; baseline -0.001 -15"><span class='ocrx_word' id='word_1_154' title='bbox 355 2140 436 2201; x_wconf 89' lang='lat' dir='ltr'><em>sario</em></span> <span class='ocrx_word' id='word_1_155' title='bbox 453 2140 677 2202; x_wconf 85' lang='lat' dir='ltr'><em>Philoxeniann</em></span> <span class='ocrx_word' id='word_1_156' title='bbox 700 2141 784 2201; x_wconf 88' lang='lat' dir='ltr'><em>inter</em></span> <span class='ocrx_word' id='word_1_157' title='bbox 806 2146 964 2201; x_wconf 76' lang='lat' dir='ltr'><em>cosmatis</em></span> <span class='ocrx_word' id='word_1_158' title='bbox 986 2147 1020 2200; x_wconf 88' lang='lat' dir='ltr'><em>et</em></span> <span class='ocrx_word' id='word_1_159' title='bbox 1040 2154 1162 2200; x_wconf 89' lang='lat' dir='ltr'><em>cassum</em></span> <span class='ocrx_word' id='word_1_160' title='bbox 1185 2136 1302 2216; x_wconf 77' lang='lat' dir='ltr'><em>legitur</em></span> <span class='ocrx_word' id='word_1_161' title='bbox 1317 2157 1432 2200; x_wconf 87' lang='lat' dir='ltr'><em>casana</em></span> <span class='ocrx_word' id='word_1_162' title='bbox 1446 2137 1515 2216; x_wconf 69' lang='lat' dir='ltr'><em>adsi</em></span> 
     </span>
     <span class='ocr_line' id='line_1_18' title="bbox 354 2241 471 2306; baseline 0 -2"><span class='ocrx_word' id='word_1_163' title='bbox 354 2241 471 2306; x_wconf 77' lang='lat' dir='ltr'><em>alalon.</em></span> 
     </span>
    </p>

    <p class='ocr_par' dir='ltr' id='par_1_5' title="bbox 352 2342 1519 3762">
     <span class='ocr_line' id='line_1_19' title="bbox 442 2342 1516 2426; baseline -0.004 -19"><span class='ocrx_word' id='word_1_164' title='bbox 442 2346 657 2418; x_wconf 90' lang='lat' dir='ltr'><em>Quintilianus</em></span> <span class='ocrx_word' id='word_1_165' title='bbox 680 2363 733 2406; x_wconf 86' lang='lat' dir='ltr'><em>rur</em></span> <span class='ocrx_word' id='word_1_166' title='bbox 756 2347 774 2405; x_wconf 87' lang='grc'><strong>3</strong></span> <span class='ocrx_word' id='word_1_167' title='bbox 798 2347 838 2406; x_wconf 65' lang='lat' dir='ltr'><em>il</em></span> <span class='ocrx_word' id='word_1_168' title='bbox 867 2363 935 2407; x_wconf 87' lang='lat' dir='ltr'><em>cum</em></span> <span class='ocrx_word' id='word_1_169' title='bbox 962 2347 1158 2423; x_wconf 72' lang='lat' dir='ltr'><em>seminalem</em></span> <span class='ocrx_word' id='word_1_170' title='bbox 1192 2342 1287 2420; x_wconf 83' lang='lat' dir='ltr'><em>verba</em></span> <span class='ocrx_word' id='word_1_171' title='bbox 1317 2347 1443 2426; x_wconf 84' lang='lat' dir='ltr'><em>propria</em></span> <span class='ocrx_word' id='word_1_172' title='bbox 1466 2345 1516 2424; x_wconf 75' lang='lat' dir='ltr'><em>ficto</em></span> 
     </span>
     <span class='ocr_line' id='line_1_20' title="bbox 356 2448 1518 2530; baseline -0.005 -20"><span class='ocrx_word' id='word_1_173' title='bbox 356 2450 525 2522; x_wconf 84' lang='lat' dir='ltr'><em>translata,</em></span> <span class='ocrx_word' id='word_1_174' title='bbox 548 2450 686 2529; x_wconf 86' lang='lat' dir='ltr'><em>propriis</em></span> <span class='ocrx_word' id='word_1_175' title='bbox 709 2449 887 2530; x_wconf 86' lang='lat' dir='ltr'><em>dipnitntem</em></span> <span class='ocrx_word' id='word_1_176' title='bbox 908 2449 963 2509; x_wconf 91' lang='lat' dir='ltr'><em>dat</em></span> <span class='ocrx_word' id='word_1_177' title='bbox 986 2448 1165 2529; x_wconf 79' lang='lat' dir='ltr'><em>antiquitas.</em></span> <span class='ocrx_word' id='word_1_178' title='bbox 1211 2463 1345 2527; x_wconf 75' lang='lat' dir='ltr'><em>mammae</em></span> <span class='ocrx_word' id='word_1_179' title='bbox 1366 2455 1393 2509; x_wconf 89' lang='lat' dir='ltr'><em>et</em></span> <span class='ocrx_word' id='word_1_180' title='bbox 1413 2449 1518 2510; x_wconf 75' lang='lat' dir='ltr'><em>sandio-</em></span> 
     </span>
     <span class='ocr_line' id='line_1_21' title="bbox 357 2547 1517 2634; baseline -0.004 -22"><span class='ocrx_word' id='word_1_181' title='bbox 357 2569 420 2613; x_wconf 88' lang='lat' dir='ltr'><em>rem</em></span> <span class='ocrx_word' id='word_1_182' title='bbox 448 2560 476 2613; x_wconf 91' lang='lat' dir='ltr'><em>et</em></span> <span class='ocrx_word' id='word_1_183' title='bbox 503 2553 603 2634; x_wconf 84' lang='lat' dir='ltr'><em>mapis</em></span> <span class='ocrx_word' id='word_1_184' title='bbox 632 2551 847 2612; x_wconf 78' lang='lat' dir='ltr'><em>admirabilem</em></span> <span class='ocrx_word' id='word_1_185' title='bbox 873 2550 994 2631; x_wconf 75' lang='lat' dir='ltr'><em>faciunt</em></span> <span class='ocrx_word' id='word_1_186' title='bbox 1019 2551 1186 2612; x_wconf 88' lang='lat' dir='ltr'><em>arationem</em></span> <span class='ocrx_word' id='word_1_187' title='bbox 1209 2547 1320 2630; x_wconf 65' lang='lat' dir='ltr'><em>primis</em></span> <span class='ocrx_word' id='word_1_188' title='bbox 1342 2569 1402 2613; x_wconf 89' lang='lat' dir='ltr'><em>nou</em></span> <span class='ocrx_word' id='word_1_189' title='bbox 1423 2549 1517 2634; x_wconf 72' lang='lat' dir='ltr'><em>mobiba</em></span> 
     </span>
     <span class='ocr_line' id='line_1_22' title="bbox 352 2653 1518 2736; baseline -0.004 -21"><span class='ocrx_word' id='word_1_190' title='bbox 352 2653 450 2735; x_wconf 79' lang='lat' dir='ltr'><em>suerit</em></span> <span class='ocrx_word' id='word_1_191' title='bbox 470 2672 588 2716; x_wconf 85' lang='lat' dir='ltr'><em>usurus</em></span> <span class='ocrx_word' id='word_1_192' title='bbox 611 2673 701 2736; x_wconf 84' lang='lat' dir='ltr'><em>ecque</em></span> <span class='ocrx_word' id='word_1_193' title='bbox 723 2661 900 2716; x_wconf 85' lang='lat' dir='ltr'><em>ornamento</em></span> <span class='ocrx_word' id='word_1_194' title='bbox 924 2655 1073 2716; x_wconf 86' lang='lat' dir='ltr'><em>acerrimi</em></span> <span class='ocrx_word' id='word_1_195' title='bbox 1094 2655 1202 2716; x_wconf 85' lang='lat' dir='ltr'><em>iudicii</em></span> <span class='ocrx_word' id='word_1_196' title='bbox 1225 2657 1256 2716; x_wconf 87' lang='lat' dir='ltr'><em>P.</em></span> <span class='ocrx_word' id='word_1_197' title='bbox 1288 2656 1436 2736; x_wconf 68' lang='lat' dir='ltr'><em>Vapulat</em></span> <span class='ocrx_word' id='word_1_198' title='bbox 1454 2653 1518 2714; x_wconf 77' lang='lat' dir='ltr'><em>rarle</em></span> 
     </span>
     <span class='ocr_line' id='line_1_23' title="bbox 357 2755 1518 2838; baseline -0.003 -20"><span class='ocrx_word' id='word_1_199' title='bbox 357 2765 401 2818; x_wconf 87' lang='lat' dir='ltr'><em>est</em></span> <span class='ocrx_word' id='word_1_200' title='bbox 415 2775 502 2818; x_wconf 78' lang='lat' dir='ltr'><em>orsus.</em></span> <span class='ocrx_word' id='word_1_201' title='bbox 554 2757 634 2818; x_wconf 87' lang='lat' dir='ltr'><em>‘olli’</em></span> <span class='ocrx_word' id='word_1_202' title='bbox 659 2759 782 2818; x_wconf 89' lang='lat' dir='ltr'><em>enimet</em></span> <span class='ocrx_word' id='word_1_203' title='bbox 806 2756 984 2838; x_wconf 77' lang='lat' dir='ltr'><em>‘quianam&#39;</em></span> <span class='ocrx_word' id='word_1_204' title='bbox 1007 2766 1034 2818; x_wconf 91' lang='lat' dir='ltr'><em>et</em></span> <span class='ocrx_word' id='word_1_205' title='bbox 1060 2759 1208 2819; x_wconf 72' lang='lat' dir='ltr'><em>‘merus&#39;</em></span> <span class='ocrx_word' id='word_1_206' title='bbox 1230 2765 1258 2819; x_wconf 89' lang='lat' dir='ltr'><em>et</em></span> <span class='ocrx_word' id='word_1_207' title='bbox 1276 2759 1381 2838; x_wconf 88' lang='lat' dir='ltr'><em>‘pone&#39;</em></span> <span class='ocrx_word' id='word_1_208' title='bbox 1396 2767 1423 2820; x_wconf 92' lang='lat' dir='ltr'><em>et</em></span> <span class='ocrx_word' id='word_1_209' title='bbox 1438 2755 1518 2838; x_wconf 85' lang='lat' dir='ltr'><em>‘polli-</em></span> 
     </span>
     <span class='ocr_line' id='line_1_24' title="bbox 355 2859 1519 2942; baseline -0.005 -20"><span class='ocrx_word' id='word_1_210' title='bbox 355 2861 469 2922; x_wconf 87' lang='lat' dir='ltr'><em>cerent’</em></span> <span class='ocrx_word' id='word_1_211' title='bbox 492 2859 680 2942; x_wconf 75' lang='lat' dir='ltr'><em>adsperpunt</em></span> <span class='ocrx_word' id='word_1_212' title='bbox 703 2860 789 2920; x_wconf 89' lang='lat' dir='ltr'><em>illam</em></span> <span class='ocrx_word' id='word_1_213' title='bbox 812 2877 891 2940; x_wconf 74' lang='lat' dir='ltr'><em>piae</em></span> <span class='ocrx_word' id='word_1_214' title='bbox 913 2862 1005 2921; x_wconf 86' lang='lat' dir='ltr'><em>etiam</em></span> <span class='ocrx_word' id='word_1_215' title='bbox 1028 2861 1060 2920; x_wconf 92' lang='lat' dir='ltr'><em>in</em></span> <span class='ocrx_word' id='word_1_216' title='bbox 1078 2861 1211 2938; x_wconf 88' lang='lat' dir='ltr'><em>picturis</em></span> <span class='ocrx_word' id='word_1_217' title='bbox 1234 2869 1279 2922; x_wconf 89' lang='lat' dir='ltr'><em>est</em></span> <span class='ocrx_word' id='word_1_218' title='bbox 1298 2863 1519 2942; x_wconf 78' lang='lat' dir='ltr'><em>pratissinou·</em></span> 
     </span>
     <span class='ocr_line' id='line_1_25' title="bbox 356 2961 1516 3044; baseline -0.003 -20"><span class='ocrx_word' id='word_1_219' title='bbox 356 2965 478 3024; x_wconf 79' lang='lat' dir='ltr'><em>laetalis</em></span> <span class='ocrx_word' id='word_1_220' title='bbox 501 2961 710 3022; x_wconf 86' lang='lat' dir='ltr'><em>inimitabilem</em></span> <span class='ocrx_word' id='word_1_221' title='bbox 733 2963 798 3022; x_wconf 85' lang='lat' dir='ltr'><em>arti</em></span> <span class='ocrx_word' id='word_1_222' title='bbox 812 2963 1034 3023; x_wconf 74' lang='lat' dir='ltr'><em>alletoritatem.</em></span> <span class='ocrx_word' id='word_1_223' title='bbox 1071 2964 1209 3024; x_wconf 86' lang='lat' dir='ltr'><em>activum</em></span> <span class='ocrx_word' id='word_1_224' title='bbox 1221 2963 1366 3044; x_wconf 85' lang='lat' dir='ltr'><em>pollicere</em></span> <span class='ocrx_word' id='word_1_225' title='bbox 1381 2966 1516 3042; x_wconf 84' lang='lat' dir='ltr'><em>antiquum</em></span> 
     </span>
     <span class='ocr_line' id='line_1_26' title="bbox 356 3061 1515 3146; baseline -0.002 -20"><span class='ocrx_word' id='word_1_226' title='bbox 356 3075 404 3126; x_wconf 82' lang='lat' dir='ltr'><em>est</em></span> <span class='ocrx_word' id='word_1_227' title='bbox 432 3065 636 3144; x_wconf 86' lang='lat' dir='ltr'><em>adlatumque</em></span> <span class='ocrx_word' id='word_1_228' title='bbox 666 3083 683 3126; x_wconf 92' lang='lat' dir='ltr'><em>a</em></span> <span class='ocrx_word' id='word_1_229' title='bbox 707 3065 805 3125; x_wconf 90' lang='lat' dir='ltr'><em>Nonio</em></span> <span class='ocrx_word' id='word_1_230' title='bbox 826 3065 935 3144; x_wconf 78' lang='lat' dir='ltr'><em>pili</em></span> <span class='ocrx_word' id='word_1_231' title='bbox 971 3083 1011 3126; x_wconf 84' lang='lat' dir='ltr'><em>ex</em></span> <span class='ocrx_word' id='word_1_232' title='bbox 1034 3065 1182 3126; x_wconf 84' lang='lat' dir='ltr'><em>Varronis</em></span> <span class='ocrx_word' id='word_1_233' title='bbox 1210 3064 1452 3146; x_wconf 81' lang='lat' dir='ltr'><em>Anthropopoli,</em></span> <span class='ocrx_word' id='word_1_234' title='bbox 1476 3061 1515 3125; x_wconf 83' lang='lat' dir='ltr'><em>sal</em></span> 
     </span>
     <span class='ocr_line' id='line_1_27' title="bbox 356 3165 1517 3249; baseline -0.004 -21"><span class='ocrx_word' id='word_1_235' title='bbox 356 3165 441 3248; x_wconf 89' lang='lat' dir='ltr'><em>apud</em></span> <span class='ocrx_word' id='word_1_236' title='bbox 464 3167 637 3248; x_wconf 80' lang='lat' dir='ltr'><em>Vergilium</em></span> <span class='ocrx_word' id='word_1_237' title='bbox 666 3185 728 3228; x_wconf 90' lang='lat' dir='ltr'><em>non</em></span> <span class='ocrx_word' id='word_1_238' title='bbox 752 3168 916 3228; x_wconf 91' lang='lat' dir='ltr'><em>invenitur</em></span> <span class='ocrx_word' id='word_1_239' title='bbox 939 3186 1043 3247; x_wconf 90' lang='lat' dir='ltr'><em>neque</em></span> <span class='ocrx_word' id='word_1_240' title='bbox 1067 3167 1207 3229; x_wconf 88' lang='lat' dir='ltr'><em>dubitari</em></span> <span class='ocrx_word' id='word_1_241' title='bbox 1231 3179 1335 3248; x_wconf 87' lang='lat' dir='ltr'><em>polest</em></span> <span class='ocrx_word' id='word_1_242' title='bbox 1357 3171 1433 3249; x_wconf 87' lang='lat' dir='ltr'><em>quin</em></span> <span class='ocrx_word' id='word_1_243' title='bbox 1450 3167 1517 3249; x_wconf 88' lang='lat' dir='ltr'><em>polli-</em></span> 
     </span>
     <span class='ocr_line' id='line_1_28' title="bbox 357 3268 1517 3358; baseline -0.004 -26"><span class='ocrx_word' id='word_1_244' title='bbox 357 3279 457 3332; x_wconf 86' lang='lat' dir='ltr'><em>cerent</em></span> <span class='ocrx_word' id='word_1_245' title='bbox 480 3271 580 3358; x_wconf 86' lang='lat' dir='ltr'><em>errori</em></span> <span class='ocrx_word' id='word_1_246' title='bbox 611 3269 733 3330; x_wconf 86' lang='lat' dir='ltr'><em>librarii</em></span> <span class='ocrx_word' id='word_1_247' title='bbox 757 3268 925 3331; x_wconf 87' lang='lat' dir='ltr'><em>debeatur.</em></span> <span class='ocrx_word' id='word_1_248' title='bbox 974 3272 1088 3332; x_wconf 89' lang='lat' dir='ltr'><em>mirum</em></span> <span class='ocrx_word' id='word_1_249' title='bbox 1112 3281 1161 3332; x_wconf 91' lang='lat' dir='ltr'><em>est</em></span> <span class='ocrx_word' id='word_1_250' title='bbox 1184 3272 1327 3334; x_wconf 83' lang='lat' dir='ltr'><em>extitisse</em></span> <span class='ocrx_word' id='word_1_251' title='bbox 1350 3274 1405 3352; x_wconf 88' lang='lat' dir='ltr'><em>qui</em></span> <span class='ocrx_word' id='word_1_252' title='bbox 1426 3269 1517 3332; x_wconf 80' lang='lat' dir='ltr'><em>subst-</em></span> 
     </span>
     <span class='ocr_line' id='line_1_29' title="bbox 356 3373 1515 3453; baseline -0.002 -19"><span class='ocrx_word' id='word_1_253' title='bbox 356 3383 447 3435; x_wconf 86' lang='lat' dir='ltr'><em>luere</em></span> <span class='ocrx_word' id='word_1_254' title='bbox 476 3373 572 3434; x_wconf 87' lang='lat' dir='ltr'><em>vellet</em></span> <span class='ocrx_word' id='word_1_255' title='bbox 598 3373 733 3452; x_wconf 85' lang='lat' dir='ltr'><em>pellacia</em></span> <span class='ocrx_word' id='word_1_256' title='bbox 763 3373 814 3434; x_wconf 86' lang='lat' dir='ltr'><em>vel</em></span> <span class='ocrx_word' id='word_1_257' title='bbox 833 3373 973 3452; x_wconf 85' lang='lat' dir='ltr'><em>pellacis.</em></span> <span class='ocrx_word' id='word_1_258' title='bbox 1022 3374 1123 3453; x_wconf 86' lang='lat' dir='ltr'><em>liquet</em></span> <span class='ocrx_word' id='word_1_259' title='bbox 1144 3375 1221 3434; x_wconf 82' lang='lat' dir='ltr'><em>milri</em></span> <span class='ocrx_word' id='word_1_260' title='bbox 1245 3373 1446 3436; x_wconf 80' lang='lat' dir='ltr'><em>scribendum</em></span> <span class='ocrx_word' id='word_1_261' title='bbox 1465 3389 1515 3432; x_wconf 84' lang='lat' dir='ltr'><em>esse</em></span> 
     </span>
     <span class='ocr_line' id='line_1_30' title="bbox 354 3475 1516 3557; baseline -0.003 -20"><span class='ocrx_word' id='word_1_262' title='bbox 354 3478 521 3556; x_wconf 88' lang='lat' dir='ltr'><em>porricere.</em></span> <span class='ocrx_word' id='word_1_263' title='bbox 568 3493 684 3555; x_wconf 88' lang='lat' dir='ltr'><em>nempe</em></span> <span class='ocrx_word' id='word_1_264' title='bbox 704 3477 875 3555; x_wconf 86' lang='lat' dir='ltr'><em>porriciam</em></span> <span class='ocrx_word' id='word_1_265' title='bbox 899 3475 994 3536; x_wconf 90' lang='lat' dir='ltr'><em>habet</em></span> <span class='ocrx_word' id='word_1_266' title='bbox 1016 3475 1173 3556; x_wconf 84' lang='lat' dir='ltr'><em>Vergilius</em></span> <span class='ocrx_word' id='word_1_267' title='bbox 1187 3476 1268 3538; x_wconf 79' lang='lat' dir='ltr'><em>Aen.</em></span> <span class='ocrx_word' id='word_1_268' title='bbox 1287 3479 1395 3554; x_wconf 74' lang='lat' dir='ltr'><em>vtes,</em></span> <span class='ocrx_word' id='word_1_269' title='bbox 1416 3475 1516 3557; x_wconf 80' lang='lat' dir='ltr'><em>porrici!</em></span> 
     </span>
     <span class='ocr_line' id='line_1_31' title="bbox 357 3577 1512 3659; baseline -0.005 -19"><span class='ocrx_word' id='word_1_270' title='bbox 357 3577 500 3640; x_wconf 89' lang='lat' dir='ltr'><em>eiusdem</em></span> <span class='ocrx_word' id='word_1_271' title='bbox 525 3577 598 3639; x_wconf 88' lang='lat' dir='ltr'><em>libri</em></span> <span class='ocrx_word' id='word_1_272' title='bbox 621 3597 652 3638; x_wconf 90' lang='lat' dir='ltr'><em>v.</em></span> <span class='ocrx_word' id='word_1_273' title='bbox 672 3577 745 3656; x_wconf 82' lang='lat' dir='ltr'><em>trs,</em></span> <span class='ocrx_word' id='word_1_274' title='bbox 772 3587 820 3640; x_wconf 90' lang='lat' dir='ltr'><em>est</em></span> <span class='ocrx_word' id='word_1_275' title='bbox 842 3588 948 3640; x_wconf 88' lang='lat' dir='ltr'><em>aulem</em></span> <span class='ocrx_word' id='word_1_276' title='bbox 971 3577 1106 3641; x_wconf 89' lang='lat' dir='ltr'><em>verbnm</em></span> <span class='ocrx_word' id='word_1_277' title='bbox 1128 3581 1294 3659; x_wconf 86' lang='lat' dir='ltr'><em>antiquum</em></span> <span class='ocrx_word' id='word_1_278' title='bbox 1312 3589 1344 3642; x_wconf 90' lang='lat' dir='ltr'><em>et</em></span> <span class='ocrx_word' id='word_1_279' title='bbox 1359 3577 1512 3642; x_wconf 78' lang='lat' dir='ltr'><em>sacrificale.</em></span> 
     </span>
     <span class='ocr_line' id='line_1_32' title="bbox 358 3680 1059 3762; baseline 0.003 -20"><span class='ocrx_word' id='word_1_280' title='bbox 358 3680 397 3742; x_wconf 90' lang='lat' dir='ltr'><em>de</em></span> <span class='ocrx_word' id='word_1_281' title='bbox 420 3699 483 3760; x_wconf 86' lang='lat' dir='ltr'><em>qun</em></span> <span class='ocrx_word' id='word_1_282' title='bbox 506 3681 681 3742; x_wconf 83' lang='lat' dir='ltr'><em>Macrobius</em></span> <span class='ocrx_word' id='word_1_283' title='bbox 704 3683 768 3742; x_wconf 86' lang='lat' dir='ltr'><em>Sat.</em></span> <span class='ocrx_word' id='word_1_284' title='bbox 788 3683 857 3742; x_wconf 77' lang='lat'>1112</span> <span class='ocrx_word' id='word_1_285' title='bbox 882 3681 1059 3762; x_wconf 81' lang='lat' dir='ltr'><em>exposuit.&#39;</em></span> 
     </span>
    </p>

    <p class='ocr_par' dir='ltr' id='par_1_6' title="bbox 356 3783 1518 4378">
     <span class='ocr_line' id='line_1_33' title="bbox 444 3783 1516 3860; baseline -0.005 -14"><span class='ocrx_word' id='word_1_286' title='bbox 444 3784 656 3857; x_wconf 89' lang='lat' dir='ltr'><em>Quintilianus</em></span> <span class='ocrx_word' id='word_1_287' title='bbox 673 3803 725 3844; x_wconf 84' lang='lat' dir='ltr'><em>rur</em></span> <span class='ocrx_word' id='word_1_288' title='bbox 741 3786 759 3844; x_wconf 85' lang='lat'>3</span> <span class='ocrx_word' id='word_1_289' title='bbox 778 3784 817 3860; x_wconf 81' lang='lat' dir='ltr'><em>bl</em></span> <span class='ocrx_word' id='word_1_290' title='bbox 842 3783 1015 3845; x_wconf 84' lang='lat' dir='ltr'><em>emendavit</em></span> <span class='ocrx_word' id='word_1_291' title='bbox 1041 3783 1095 3845; x_wconf 87' lang='lat' dir='ltr'><em>boc</em></span> <span class='ocrx_word' id='word_1_292' title='bbox 1122 3787 1214 3846; x_wconf 85' lang='lat' dir='ltr'><em>etiarn</em></span> <span class='ocrx_word' id='word_1_293' title='bbox 1242 3786 1362 3847; x_wconf 84' lang='lat' dir='ltr'><em>urbane</em></span> <span class='ocrx_word' id='word_1_294' title='bbox 1391 3789 1421 3845; x_wconf 88' lang='lat' dir='ltr'><em>in</em></span> <span class='ocrx_word' id='word_1_295' title='bbox 1442 3783 1516 3845; x_wconf 80' lang='lat' dir='ltr'><em>Hirtio</em></span> 
     </span>
     <span class='ocr_line' id='line_1_34' title="bbox 360 3885 1517 3966; baseline -0.003 -19"><span class='ocrx_word' id='word_1_296' title='bbox 360 3887 473 3964; x_wconf 80' lang='lat' dir='ltr'><em>Cicero,</em></span> <span class='ocrx_word' id='word_1_297' title='bbox 499 3889 559 3964; x_wconf 81' lang='lat' dir='ltr'><em>citi,</em></span> <span class='ocrx_word' id='word_1_298' title='bbox 585 3895 695 3966; x_wconf 82' lang='lat' dir='ltr'><em>sapori</em></span> <span class='ocrx_word' id='word_1_299' title='bbox 718 3905 786 3949; x_wconf 90' lang='lat' dir='ltr'><em>cum</em></span> <span class='ocrx_word' id='word_1_300' title='bbox 808 3886 985 3948; x_wconf 85' lang='lat' dir='ltr'><em>declamans</em></span> <span class='ocrx_word' id='word_1_301' title='bbox 1005 3888 1103 3966; x_wconf 76' lang='lat' dir='ltr'><em>filium</em></span> <span class='ocrx_word' id='word_1_302' title='bbox 1126 3909 1147 3949; x_wconf 92' lang='lat' dir='ltr'><em>a</em></span> <span class='ocrx_word' id='word_1_303' title='bbox 1169 3897 1267 3950; x_wconf 78' lang='lat' dir='ltr'><em>noane</em></span> <span class='ocrx_word' id='word_1_304' title='bbox 1281 3889 1380 3950; x_wconf 87' lang='lat' dir='ltr'><em>decem</em></span> <span class='ocrx_word' id='word_1_305' title='bbox 1394 3885 1517 3948; x_wconf 79' lang='lat' dir='ltr'><em>mensibus</em></span> 
     </span>
     <span class='ocr_line' id='line_1_35' title="bbox 360 3987 1518 4072; baseline -0.004 -22"><span class='ocrx_word' id='word_1_306' title='bbox 360 3993 391 4050; x_wconf 83' lang='lat' dir='ltr'><em>in</em></span> <span class='ocrx_word' id='word_1_307' title='bbox 412 3999 498 4051; x_wconf 89' lang='lat' dir='ltr'><em>utero</em></span> <span class='ocrx_word' id='word_1_308' title='bbox 522 3991 619 4052; x_wconf 89' lang='lat' dir='ltr'><em>latum</em></span> <span class='ocrx_word' id='word_1_309' title='bbox 639 4009 703 4052; x_wconf 87' lang='lat' dir='ltr'><em>esse</em></span> <span class='ocrx_word' id='word_1_310' title='bbox 718 3991 859 4068; x_wconf 73' lang='lat' dir='ltr'><em>dimittet,</em></span> <span class='ocrx_word' id='word_1_311' title='bbox 890 3989 1002 4070; x_wconf 76' lang='lat' dir='ltr'><em>‘quirit</em></span> <span class='ocrx_word' id='word_1_312' title='bbox 1025 3991 1120 4052; x_wconf 88' lang='lat' dir='ltr'><em>aliae’</em></span> <span class='ocrx_word' id='word_1_313' title='bbox 1143 3993 1242 4072; x_wconf 80' lang='lat' dir='ltr'><em>inquit</em></span> <span class='ocrx_word' id='word_1_314' title='bbox 1266 3993 1316 4052; x_wconf 86' lang='lat' dir='ltr'><em>‘in</em></span> <span class='ocrx_word' id='word_1_315' title='bbox 1329 3993 1434 4072; x_wconf 78' lang='lat' dir='ltr'><em>penda</em></span> <span class='ocrx_word' id='word_1_316' title='bbox 1447 3987 1518 4050; x_wconf 79' lang='lat' dir='ltr'><em>solat</em></span> 
     </span>
     <span class='ocr_line' id='line_1_36' title="bbox 356 4089 1515 4183; baseline -0.004 -30"><span class='ocrx_word' id='word_1_317' title='bbox 356 4093 479 4172; x_wconf 73' lang='lat' dir='ltr'><em>serrel&#39;</em></span> <span class='ocrx_word' id='word_1_318' title='bbox 509 4092 667 4154; x_wconf 88' lang='lat' dir='ltr'><em>mirabilia</em></span> <span class='ocrx_word' id='word_1_319' title='bbox 697 4093 816 4172; x_wconf 90' lang='lat' dir='ltr'><em>prolata</em></span> <span class='ocrx_word' id='word_1_320' title='bbox 846 4103 920 4154; x_wconf 89' lang='lat' dir='ltr'><em>sunt</em></span> <span class='ocrx_word' id='word_1_321' title='bbox 949 4092 988 4153; x_wconf 92' lang='lat' dir='ltr'><em>de</em></span> <span class='ocrx_word' id='word_1_322' title='bbox 1010 4092 1183 4183; x_wconf 82' lang='lat' dir='ltr'><em>depravata</em></span> <span class='ocrx_word' id='word_1_323' title='bbox 1205 4113 1282 4155; x_wconf 82' lang='lat' dir='ltr'><em>veae</em></span> <span class='ocrx_word' id='word_1_324' title='bbox 1305 4099 1409 4175; x_wconf 86' lang='lat' dir='ltr'><em>sapasi</em></span> <span class='ocrx_word' id='word_1_325' title='bbox 1428 4103 1455 4153; x_wconf 89' lang='lat' dir='ltr'><em>et</em></span> <span class='ocrx_word' id='word_1_326' title='bbox 1475 4089 1515 4148; x_wconf 86' lang='lat' dir='ltr'><em>luit</em></span> 
     </span>
     <span class='ocr_line' id='line_1_37' title="bbox 360 4189 1516 4278; baseline -0.003 -24"><span class='ocrx_word' id='word_1_327' title='bbox 360 4194 438 4255; x_wconf 89' lang='lat' dir='ltr'><em>adan</em></span> <span class='ocrx_word' id='word_1_328' title='bbox 461 4197 515 4275; x_wconf 92' lang='lat' dir='ltr'><em>qui</em></span> <span class='ocrx_word' id='word_1_329' title='bbox 533 4197 715 4275; x_wconf 89' lang='lat' dir='ltr'><em>Pasiphaam</em></span> <span class='ocrx_word' id='word_1_330' title='bbox 739 4205 770 4256; x_wconf 89' lang='lat' dir='ltr'><em>et</em></span> <span class='ocrx_word' id='word_1_331' title='bbox 785 4196 993 4256; x_wconf 89' lang='lat' dir='ltr'><em>Minotaurum</em></span> <span class='ocrx_word' id='word_1_332' title='bbox 1010 4206 1196 4258; x_wconf 77' lang='lat' dir='ltr'><em>arcesseret,</em></span> <span class='ocrx_word' id='word_1_333' title='bbox 1236 4206 1450 4278; x_wconf 86' lang='lat' dir='ltr'><em>potestantem</em></span> <span class='ocrx_word' id='word_1_334' title='bbox 1464 4189 1516 4252; x_wconf 79' lang='lat' dir='ltr'><em>teri</em></span> 
     </span>
     <span class='ocr_line' id='line_1_38' title="bbox 360 4295 1428 4378; baseline -0.001 -19"><span class='ocrx_word' id='word_1_335' title='bbox 360 4308 395 4360; x_wconf 90' lang='lat' dir='ltr'><em>ut</em></span> <span class='ocrx_word' id='word_1_336' title='bbox 416 4298 630 4370; x_wconf 87' lang='lat' dir='ltr'><em>Quintilianus</em></span> <span class='ocrx_word' id='word_1_337' title='bbox 654 4300 752 4361; x_wconf 86' lang='lat' dir='ltr'><em>stasin</em></span> <span class='ocrx_word' id='word_1_338' title='bbox 775 4299 939 4378; x_wconf 75' lang='lat' dir='ltr'><em>scripserit</em></span> <span class='ocrx_word' id='word_1_339' title='bbox 962 4299 1014 4359; x_wconf 86' lang='lat' dir='ltr'><em>vel</em></span> <span class='ocrx_word' id='word_1_340' title='bbox 1036 4299 1164 4360; x_wconf 83' lang='lat' dir='ltr'><em>Graecis</em></span> <span class='ocrx_word' id='word_1_341' title='bbox 1185 4300 1301 4362; x_wconf 86' lang='lat' dir='ltr'><em>litteris</em></span> <span class='ocrx_word' id='word_1_342' title='bbox 1324 4295 1428 4363; x_wconf 78' lang='lat' dir='ltr'><em>erdoti.</em></span> 
     </span>
    </p>

    <p class='ocr_par' dir='ltr' id='par_1_7' title="bbox 361 4398 1518 4585">
     <span class='ocr_line' id='line_1_39' title="bbox 447 4398 1517 4474; baseline -0.003 -13"><span class='ocrx_word' id='word_1_343' title='bbox 447 4400 531 4462; x_wconf 90' lang='lat' dir='ltr'><em>ldem</em></span> <span class='ocrx_word' id='word_1_344' title='bbox 556 4403 770 4474; x_wconf 86' lang='lat' dir='ltr'><em>Quintilianus</em></span> <span class='ocrx_word' id='word_1_345' title='bbox 786 4421 837 4464; x_wconf 87' lang='lat' dir='ltr'><em>uu</em></span> <span class='ocrx_word' id='word_1_346' title='bbox 855 4405 873 4460; x_wconf 86' lang='grc'><strong>6</strong></span> <span class='ocrx_word' id='word_1_347' title='bbox 891 4403 924 4462; x_wconf 84' lang='lat' dir='ltr'><em>ll</em></span> <span class='ocrx_word' id='word_1_348' title='bbox 954 4410 1129 4463; x_wconf 79' lang='lat' dir='ltr'><em>eoeornatur</em></span> <span class='ocrx_word' id='word_1_349' title='bbox 1151 4411 1251 4464; x_wconf 77' lang='lat' dir='ltr'><em>aretem</em></span> <span class='ocrx_word' id='word_1_350' title='bbox 1269 4423 1320 4466; x_wconf 88' lang='lat' dir='ltr'><em>res</em></span> <span class='ocrx_word' id='word_1_351' title='bbox 1335 4398 1517 4470; x_wconf 78' lang='lat' dir='ltr'><em>talamarum</em></span> 
     </span>
     <span class='ocr_line' id='line_1_40' title="bbox 361 4495 1518 4585; baseline -0.003 -21"><span class='ocrx_word' id='word_1_352' title='bbox 361 4504 637 4568; x_wconf 84' lang='lat' dir='ltr'><em>translationibus:</em></span> <span class='ocrx_word' id='word_1_353' title='bbox 672 4505 837 4585; x_wconf 77' lang='lat' dir='ltr'><em>‘cupiditas</em></span> <span class='ocrx_word' id='word_1_354' title='bbox 866 4505 1029 4585; x_wconf 80' lang='lat' dir='ltr'><em>effrenata’</em></span> <span class='ocrx_word' id='word_1_355' title='bbox 1060 4513 1087 4566; x_wconf 89' lang='lat' dir='ltr'><em>et</em></span> <span class='ocrx_word' id='word_1_356' title='bbox 1120 4507 1267 4568; x_wconf 87' lang='lat' dir='ltr'><em>‘insanae</em></span> <span class='ocrx_word' id='word_1_357' title='bbox 1289 4495 1518 4568; x_wconf 63' lang='lat' dir='ltr'><em>animumn!</em></span> 
     </span>
    </p>
   </div>
   <div class='ocr_carea' id='block_1_3' title="bbox 0 0 1599 5132">
    <p class='ocr_par' dir='ltr' id='par_1_8' title="bbox 0 0 1599 5132">
     <span class='ocr_line' id='line_1_41' title="bbox 0 0 1599 5132; baseline 0 0"><span class='ocrx_word' id='word_1_358' title='bbox 0 0 1599 5132; x_wconf 95' lang='lat' dir='ltr'><em> </em></span> 
     </span>
    </p>
   </div>
  </div>
 </body>
</html>
