3182 5132
364 393 438 465 460
761 409 805 470 Ex
827 426 923 470 arur
947 409 1155 470 Beromrrrmr.

363 615 478 658 nomen
505 607 614 677 aptum
643 617 712 660 esse
741 598 934 676 sententiae,
974 595 1032 660 sed
1065 597 1182 658 lrustra
1216 598 1376 676 quaesivit
1405 596 1480 677 quod
1504 608 1529 658 et

362 701 467 781 aptius
497 709 580 762 esset
611 709 642 762 et
671 702 844 763 mutatione
876 701 942 763 veri
976 698 1072 761 simili
1103 701 1339 762 restitueretur.
1383 701 1452 762 mibi
1478 719 1529 761 non

362 801 495 865 dubium
519 812 566 866 est
589 802 794 866 scribendum
818 823 888 866 esse
910 803 1027 866 duntur
1049 803 1128 864 enirn
1150 803 1248 865 multo
1270 803 1435 866 nominibus
1454 811 1478 864 et
1495 811 1529 864 est

363 916 494 968 stemma
515 925 574 986 pro
598 908 715 969 merito.

447 1011 480 1070 P.
499 1010 555 1070 73l
583 1008 624 1071 de
654 1010 838 1082 condonatis
866 1027 884 1070 a
912 1010 1060 1072 Gratiano
1090 1007 1229 1072 residuis
1256 1008 1442 1072 tributorum
1466 1010 1528 1070 baec

361 1113 524 1192 dicuntur,
550 1120 582 1174 tu
604 1120 785 1195 orpumento
806 1114 908 1174 omnio
929 1113 1096 1196 (lrrpitomli
1117 1111 1282 1195 publicitus
1297 1113 1526 1174 ordererirssisti.

361 1217 465 1280 videre
488 1219 518 1278 in
542 1217 606 1278 suis
629 1233 763 1298 quaeque
774 1215 854 1297 foris
869 1235 971 1279 omnes
986 1217 1122 1279 civitates
1138 1215 1404 1298 coutlctprutionem
1417 1214 1529 1278 salubris

362 1321 503 1384 incendii.
551 1317 702 1380 ardebunt
722 1319 833 1400 stirpes
853 1318 1005 1401 fraudum
1026 1327 1178 1395 ueterum,
1209 1318 1364 1381 ardebant
1383 1320 1528 1381 semimrio

357 1425 552 1508 futurarum.
599 1423 662 1484 iam
685 1439 717 1484 se
739 1441 806 1484 enm
825 1423 955 1503 pulvere
979 1421 1096 1503 fovilla
1117 1423 1301 1496 mameae,
1335 1423 1397 1484 inm
1424 1420 1529 1482 nubibus

359 1527 466 1610 fumus
488 1525 675 1600 involverat,
701 1532 730 1587 et
752 1525 852 1588 adbuc
873 1525 1000 1588 obnoxii
1029 1528 1059 1588 r'n
1078 1526 1203 1608 popinis
1226 1527 1424 1588 concrematis
1442 1525 1528 1586 ductus

362 1633 484 1712 opicum
507 1637 535 1691 et
556 1629 762 1690 sestertiorum
784 1637 873 1691 notos
896 1648 964 1692 enm
994 1631 1134 1692 meantia
1163 1627 1200 1688 de
1229 1629 1351 1690 ratione
1380 1627 1526 1693 merebam,

361 1733 440 1816 quod
461 1733 663 1793 meminerunt
685 1731 792 1793 lectum
815 1732 875 1816 lapi
891 1751 982 1814 posse
1003 1733 1095 1795 etiarn
1118 1739 1264 1793 verentes.
1299 1751 1358 1812 pro
1380 1741 1527 1793 monstmso

360 1837 414 1898 illo
436 1855 503 1898 nrm
526 1836 669 1896 r'uvrmtiu
691 1835 809 1897 Tollius
831 1853 871 1896 ex
893 1835 1001 1898 codice
1024 1835 1130 1916 aliquo
1153 1832 1257 1896 adfert
1278 1835 1476 1907 mmmmm
1497 1853 1527 1894 cr

360 1940 420 2002 alio
442 1958 509 2002 urm
523 1959 591 2014 nr,
616 1937 701 2018 quod
724 1956 765 1999 ex
787 1957 855 2000 cum
877 1940 1004 2022 tripinto
1027 1949 1134 2001 natum
1159 1955 1229 1999 esse
1252 1936 1420 2016 intellexit,
1441 1955 1526 2016 neque

360 2053 467 2105 tamen
490 2043 660 2123 quicquam
684 2040 716 2102 id
734 2040 874 2122 prodest.
906 2041 1046 2104 nondum
1063 2043 1140 2103 haec
1156 2039 1322 2102 emendata
1339 2051 1422 2120 sunt,
1437 2059 1527 2120 quan-

360 2165 455 2226 quam
479 2145 619 2226 Scaliger
640 2143 761 2224 aliquid
792 2143 932 2226 dispexit
961 2163 1031 2207 cum
1061 2143 1216 2206 scriberet
1243 2162 1313 2206 cum
1342 2142 1489 2206 tramontio
1507 2151 1527 2203 rt

360 2247 567 2330 trepidatione.
616 2247 674 2309 sed
696 2247 884 2310 titubantiae
907 2246 1095 2310 vocabulum
1127 2258 1162 2310 ut
1185 2246 1318 2308 fortasse
1341 2247 1455 2327 placeat
1481 2245 1525 2318 lusi

360 2371 396 2414 eo
426 2360 500 2414 sunt
529 2352 698 2414 Suetonius
735 2351 767 2412 in
798 2350 927 2413 Claudio
957 2371 984 2412 e.
1010 2351 1050 2412 30
1081 2360 1112 2412 et
1142 2351 1175 2412 in
1205 2350 1332 2411 Vitellio
1362 2351 1425 2410 eb
1450 2359 1525 2428 atque

360 2455 458 2516 lulius
486 2453 631 2516 Valerius
660 2455 692 2514 in
723 2453 829 2517 liebus
858 2455 955 2534 gestis
976 2452 1175 2515 Alexandria
1199 2453 1274 2536 ΞΒ),
1299 2463 1333 2514 at
1359 2452 1524 2533 reliquorum
1576 2461 1577 2539 ᾗ

359 2557 457 2620 nimia
481 2567 528 2620 est
551 2557 692 2619 mutatio.
739 2558 861 2620 litteras
884 2575 955 2620 eum
978 2557 1083 2638 paullo
1106 2557 1261 2618 curiosius
1292 2558 1442 2618 rimamur
1467 2557 1526 2616 baec

359 2680 399 2722 ex
423 2661 470 2722 eis
492 2659 608 2722 elicere
632 2659 724 2721 nobis
746 2660 905 2740 videmur,
931 2661 1039 2724 ductus
1055 2661 1177 2741 upimrm
1198 2668 1226 2722 et
1240 2662 1443 2723 sestertiorum
1457 2667 1525 2720 notor

359 2783 427 2825 cum
448 2762 597 2825 titubanti
620 2762 803 2824 adoratione
831 2763 1005 2825 cernebant.
1052 2762 1294 2826 admirabantur
1316 2762 1468 2827 debitores
1486 2779 1525 2821 re·
1575 2845 1576 2850 ἵ

359 2866 522 2930 siduorurn
546 2877 641 2947 atque
664 2865 838 2928 adorabant
861 2866 1051 2929 beneficium
1069 2865 1221 2944 Gratiani,
1247 2865 1305 2929 sed
1321 2865 1469 2929 titubabat
1482 2861 1524 2924 ad·
1575 2895 1576 2947 r

360 2971 421 3032 buc
443 2987 552 3032 eorum
574 2971 699 3032 animus
722 2987 827 3050 neque
850 2970 927 3032 satis
949 2969 1010 3032 sibi
1034 2989 1103 3032 esse
1119 2968 1315 3032 videbantur
1331 2971 1401 3032 tuti.
1425 2971 1453 3030 in
1469 2985 1525 3028 rer-

301 3061 442 3135 rstbum'
466 3071 551 3153 quod
575 3083 623 3134 est
645 3073 826 3134 adoratione
854 3071 948 3134 video
982 3074 1044 3134 iam
1073 3073 1223 3135 incidisse
1248 3073 1408 3135 llerelium
1429 3075 1458 3134 in
1478 3071 1521 3150 Ep.

359 3177 429 3238 crit.
455 3174 497 3237 ad
519 3175 704 3238 lleuselium
727 3195 760 3256 p.
780 3176 832 3236 bl.

444 3279 525 3340 xlx.
566 3278 741 3341 Eumenius
767 3279 800 3339 in
823 3280 963 3340 oratione
991 3297 1048 3359 pro
1079 3277 1295 3341 instaurandis
1318 3279 1430 3341 subolis
1449 3297 1472 3338 c.
1496 3276 1522 3354 tl
1574 3329 1575 3352 ¹

358 3383 464 3443 etenim
487 3384 516 3444 si
535 3380 610 3444 bello
629 3389 725 3463 porto
747 3383 844 3444 Morti
873 3381 1035 3458 dicantur,
1067 3383 1098 3444 si
1124 3384 1208 3444 muri
1234 3385 1377 3465 quaesitu
1399 3383 1521 3462 Neptuno,

357 3488 386 3547 si
400 3501 511 3546 messes
529 3485 643 3562 Cereri,
669 3487 698 3546 si
711 3487 866 3547 Mercurio
889 3485 979 3547 lucra
994 3483 1142 3561 libantur,
1167 3487 1196 3546 si
1210 3488 1279 3546 item
1295 3505 1401 3547 rernm
1415 3486 1522 3546 omniun

358 3588 400 3649 od
422 3587 534 3650 cultum
560 3586 738 3669 referrentur
760 3596 931 3659 unctorum,
957 3587 1011 3648 nbi
1028 3586 1080 3669 (us
1103 3595 1149 3650 est
1169 3588 1296 3650 docendi
1313 3591 1450 3670 proemia
1469 3603 1523 3647 ooo

357 3709 482 3752 secrore
504 3693 566 3752 nisi
587 3692 619 3751 in
642 3691 711 3752 sede
733 3691 879 3753 docendi?
902 3693 944 3752 ita
968 3700 1161 3771 postremum
1183 3689 1320 3752 verbum
1343 3689 1521 3754 scribendum
1573 3711 1574 3761 r

357 3813 426 3856 esse
449 3792 611 3855 beidelius
634 3793 809 3856 intellexit:
836 3803 905 3855 erat
927 3793 1056 3856 dicendi.
1096 3792 1153 3854 sed
1181 3793 1356 3874 inperfecta
1380 3803 1425 3858 est
1444 3791 1522 3854 oratio

355 3897 412 3958 ubi
429 3896 545 3977 legitur
559 3915 663 3957 rerum
680 3899 824 3972 omnium,
849 3895 930 3957 nihil
952 3906 1057 3958 eutem
1074 3896 1218 3958 homines
1235 3895 1319 3958 docti
1336 3898 1520 3978 protulerunt.

356 4018 418 4080 quo
448 4017 563 4080 operae
593 4000 731 4080 pretium
761 3999 912 4061 lacerent.
960 3998 1164 4061 scribendum
1194 3999 1324 4062 videtur
1345 4002 1374 4062 si
1394 3997 1521 4062 necno

355 4112 553 4166 mercaturae
576 4103 665 4164 lucrer
690 4102 837 4180 libentur,
863 4105 893 4164 si
913 4103 981 4164 item
1004 4121 1110 4164 rerum
1131 4104 1263 4164 omnium
1295 4103 1338 4164 ud
1359 4103 1463 4165 corium
1485 4115 1521 4158 re·

352 4204 500 4285 feruntur
522 4214 692 4269 unctorum.
734 4205 817 4266 laeili
845 4223 952 4266 errore
980 4207 1080 4267 omitti
1110 4207 1211 4287 potuit
1244 4215 1447 4278 mercaturae,
1474 4217 1521 4280 quo

356 4309 500 4369 restituto
525 4327 627 4370 rernm
649 4310 782 4370 omnium
805 4311 926 4389 pariter
947 4308 986 4370 ad
1010 4309 1101 4372 luere
1123 4309 1274 4390 pertinet.

441 4412 475 4471 ln
507 4413 697 4493 panegyrico
725 4414 779 4493 qui
810 4412 991 4474 Constantio
1022 4411 1148 4474 Caesari
1179 4411 1284 4474 dietus
1313 4421 1360 4475 est
1388 4409 1519 4492 ‚tintcum
1571 4407 1572 4470 i

354 4534 426 4576 eum
450 4513 547 4577 dubio
570 4515 639 4576 iure
663 4513 768 4576 eidem
792 4515 954 4596 Eumenio)
984 4537 1012 4578 e.
1034 4516 1071 4576 ll
1096 4513 1303 4578 scribendum
1326 4525 1374 4578 est
1392 4515 1470 4596 pu'm
1487 4510 1520 4568 tr
