<?xml version="1.0" encoding="UTF-8"?>
<!DOCTYPE html PUBLIC "-//W3C//DTD XHTML 1.0 Transitional//EN"
    "http://www.w3.org/TR/xhtml1/DTD/xhtml1-transitional.dtd">
<html xmlns="http://www.w3.org/1999/xhtml" xml:lang="en" lang="en">
 <head>
  <title>
</title>
<meta http-equiv="Content-Type" content="text/html;charset=utf-8" />
  <meta name='ocr-system' content='tesseract 3.04.00' />
  <meta name='ocr-capabilities' content='ocr_page ocr_carea ocr_par ocr_line ocrx_word'/>
</head>
<body>
  <div class='ocr_page' id='page_1' title='image "./mavriciihavptii01haupgoog/mavriciihavptii01haupgoog_0384.png"; bbox 0 0 3156 5132; ppageno 0'>
   <div class='ocr_carea' id='block_1_1' title="bbox 564 340 1240 418">
    <p class='ocr_par' dir='ltr' id='par_1_1' title="bbox 564 340 1240 418">
     <span class='ocr_line' id='line_1_1' title="bbox 564 340 1240 418; baseline -0.01 -1"><span class='ocrx_word' id='word_1_1' title='bbox 564 354 734 418; x_wconf 77' lang='lat' dir='ltr'><strong>Annaeum.</strong></span> <span class='ocrx_word' id='word_1_2' title='bbox 1170 340 1240 412; x_wconf 78' lang='lat'><strong>371</strong></span> 
     </span>
    </p>
   </div>
   <div class='ocr_carea' id='block_1_2' title="bbox 63 541 1288 4553">
    <p class='ocr_par' dir='ltr' id='par_1_2' title="bbox 66 541 1245 731">
     <span class='ocr_line' id='line_1_2' title="bbox 69 541 1245 628; baseline 0.001 -22"><span class='ocrx_word' id='word_1_3' title='bbox 69 547 106 606; x_wconf 87' lang='lat' dir='ltr'><strong>ita</strong></span> <span class='ocrx_word' id='word_1_4' title='bbox 128 543 320 626; x_wconf 79' lang='lat' dir='ltr'><strong>explendum</strong></span> <span class='ocrx_word' id='word_1_5' title='bbox 342 565 414 608; x_wconf 84' lang='lat' dir='ltr'><strong>esse</strong></span> <span class='ocrx_word' id='word_1_6' title='bbox 438 546 571 610; x_wconf 86' lang='lat' dir='ltr'><strong>coniecit</strong></span> <span class='ocrx_word' id='word_1_7' title='bbox 589 556 624 608; x_wconf 95' lang='lat' dir='ltr'><strong>ut</strong></span> <span class='ocrx_word' id='word_1_8' title='bbox 639 552 738 608; x_wconf 84' lang='lat' dir='ltr'><strong>mater</strong></span> <span class='ocrx_word' id='word_1_9' title='bbox 753 543 945 628; x_wconf 78' lang='lat' dir='ltr'><strong>postponitis</strong></span> <span class='ocrx_word' id='word_1_10' title='bbox 960 541 1143 607; x_wconf 75' lang='lat' dir='ltr'><strong>adderetur.</strong></span> <span class='ocrx_word' id='word_1_11' title='bbox 1182 563 1245 608; x_wconf 85' lang='lat' dir='ltr'><strong>non</strong></span> 
     </span>
     <span class='ocr_line' id='line_1_3' title="bbox 66 647 1106 731; baseline -0.001 -22"><span class='ocrx_word' id='word_1_12' title='bbox 66 647 171 710; x_wconf 89' lang='lat' dir='ltr'><strong>dubito</strong></span> <span class='ocrx_word' id='word_1_13' title='bbox 192 648 365 730; x_wconf 86' lang='lat' dir='ltr'><strong>Corippum</strong></span> <span class='ocrx_word' id='word_1_14' title='bbox 388 650 553 731; x_wconf 88' lang='lat' dir='ltr'><strong>scripsisse</strong></span> <span class='ocrx_word' id='word_1_15' title='bbox 575 667 643 712; x_wconf 87' lang='lat' dir='ltr'><strong>cam</strong></span> <span class='ocrx_word' id='word_1_16' title='bbox 664 650 772 731; x_wconf 82' lang='lat' dir='ltr'><strong>penitis</strong></span> <span class='ocrx_word' id='word_1_17' title='bbox 795 647 942 728; x_wconf 73' lang='lat' dir='ltr'><strong>genetrix</strong></span> <span class='ocrx_word' id='word_1_18' title='bbox 965 647 1106 710; x_wconf 82' lang='lat' dir='ltr'><strong>Gaetulo.</strong></span> 
     </span>
    </p>

    <p class='ocr_par' dir='ltr' id='par_1_3' title="bbox 63 751 1288 4553">
     <span class='ocr_line' id='line_1_4' title="bbox 143 751 1246 816; baseline 0 -4"><span class='ocrx_word' id='word_1_19' title='bbox 143 753 218 812; x_wconf 73' lang='lat' dir='ltr'><strong>xit.</strong></span> <span class='ocrx_word' id='word_1_20' title='bbox 255 751 408 814; x_wconf 85' lang='lat' dir='ltr'><strong>Henrieus</strong></span> <span class='ocrx_word' id='word_1_21' title='bbox 438 753 557 816; x_wconf 81' lang='lat' dir='ltr'><strong>Keilius</strong></span> <span class='ocrx_word' id='word_1_22' title='bbox 588 754 621 814; x_wconf 93' lang='lat' dir='ltr'><strong>in</strong></span> <span class='ocrx_word' id='word_1_23' title='bbox 652 752 930 814; x_wconf 73' lang='lat' dir='ltr'><strong>Grammaticorum</strong></span> <span class='ocrx_word' id='word_1_24' title='bbox 960 751 1141 814; x_wconf 88' lang='lat' dir='ltr'><strong>Latinorum</strong></span> <span class='ocrx_word' id='word_1_25' title='bbox 1170 759 1193 813; x_wconf 92' lang='lat' dir='ltr'><strong>t.</strong></span> <span class='ocrx_word' id='word_1_26' title='bbox 1216 770 1246 813; x_wconf 87' lang='grc' dir='ltr'><strong>ιι</strong></span> 
     </span>
     <span class='ocr_line' id='line_1_5' title="bbox 65 853 1247 934; baseline 0.002 -20"><span class='ocrx_word' id='word_1_27' title='bbox 65 874 93 934; x_wconf 88' lang='lat' dir='ltr'><strong>p.</strong></span> <span class='ocrx_word' id='word_1_28' title='bbox 111 853 170 916; x_wconf 74' lang='lat'><strong>562</strong></span> <span class='ocrx_word' id='word_1_29' title='bbox 195 873 235 916; x_wconf 84' lang='lat' dir='ltr'><strong>ex</strong></span> <span class='ocrx_word' id='word_1_30' title='bbox 256 864 381 918; x_wconf 88' lang='lat' dir='ltr'><strong>vetusto</strong></span> <span class='ocrx_word' id='word_1_31' title='bbox 403 855 485 918; x_wconf 94' lang='lat' dir='ltr'><strong>libro</strong></span> <span class='ocrx_word' id='word_1_32' title='bbox 506 856 677 920; x_wconf 89' lang='lat' dir='ltr'><strong>Lavantiuo</strong></span> <span class='ocrx_word' id='word_1_33' title='bbox 699 855 779 916; x_wconf 91' lang='lat' dir='ltr'><strong>haec</strong></span> <span class='ocrx_word' id='word_1_34' title='bbox 801 853 942 934; x_wconf 86' lang='lat' dir='ltr'><strong>protulit.</strong></span> <span class='ocrx_word' id='word_1_35' title='bbox 989 856 1034 916; x_wconf 86' lang='lat' dir='ltr'><strong>Dc</strong></span> <span class='ocrx_word' id='word_1_36' title='bbox 1055 853 1247 918; x_wconf 77' lang='lat' dir='ltr'><strong>barbarismo</strong></span> 
     </span>
     <span class='ocr_line' id='line_1_6' title="bbox 64 959 1248 1042; baseline 0 -22"><span class='ocrx_word' id='word_1_37' title='bbox 64 960 221 1042; x_wconf 75' lang='lat' dir='ltr'><strong>cerernpoe</strong></span> <span class='ocrx_word' id='word_1_38' title='bbox 250 961 332 1024; x_wconf 85' lang='lat' dir='ltr'><strong>vitis.</strong></span> <span class='ocrx_word' id='word_1_39' title='bbox 379 960 600 1024; x_wconf 74' lang='lat' dir='ltr'><strong>barbarismus</strong></span> <span class='ocrx_word' id='word_1_40' title='bbox 630 966 674 1022; x_wconf 86' lang='lat' dir='ltr'><strong>est</strong></span> <span class='ocrx_word' id='word_1_41' title='bbox 702 959 791 1022; x_wconf 86' lang='lat' dir='ltr'><strong>dictio</strong></span> <span class='ocrx_word' id='word_1_42' title='bbox 821 959 926 1040; x_wconf 69' lang='lat' dir='ltr'><strong>oliano</strong></span> <span class='ocrx_word' id='word_1_43' title='bbox 952 965 1043 1040; x_wconf 86' lang='lat' dir='ltr'><strong>parte</strong></span> <span class='ocrx_word' id='word_1_44' title='bbox 1064 959 1177 1021; x_wconf 74' lang='lat' dir='ltr'><strong>adibeo</strong></span> <span class='ocrx_word' id='word_1_45' title='bbox 1197 959 1248 1020; x_wconf 86' lang='lat' dir='ltr'><strong>ael</strong></span> 
     </span>
     <span class='ocr_line' id='line_1_7' title="bbox 65 1061 1247 1146; baseline 0.002 -24"><span class='ocrx_word' id='word_1_46' title='bbox 65 1064 261 1126; x_wconf 75' lang='lat' dir='ltr'><strong>enuntiatione</strong></span> <span class='ocrx_word' id='word_1_47' title='bbox 283 1065 333 1128; x_wconf 85' lang='lat' dir='ltr'><strong>nel</strong></span> <span class='ocrx_word' id='word_1_48' title='bbox 354 1067 521 1146; x_wconf 81' lang='lat' dir='ltr'><strong>scripto-</strong></span> <span class='ocrx_word' id='word_1_49' title='bbox 541 1062 707 1145; x_wconf 74' lang='lat' dir='ltr'><strong>infantibus</strong></span> <span class='ocrx_word' id='word_1_50' title='bbox 729 1061 863 1126; x_wconf 83' lang='lat' dir='ltr'><strong>scribere</strong></span> <span class='ocrx_word' id='word_1_51' title='bbox 878 1061 1029 1138; x_wconf 81' lang='lat' dir='ltr'><strong>debemus,</strong></span> <span class='ocrx_word' id='word_1_52' title='bbox 1054 1069 1082 1124; x_wconf 90' lang='lat' dir='ltr'><strong>el</strong></span> <span class='ocrx_word' id='word_1_53' title='bbox 1095 1081 1247 1124; x_wconf 83' lang='lat' dir='ltr'><strong>nonnam-</strong></span> 
     </span>
     <span class='ocr_line' id='line_1_8' title="bbox 65 1163 1247 1251; baseline 0.002 -25"><span class='ocrx_word' id='word_1_54' title='bbox 65 1183 148 1246; x_wconf 86' lang='lat' dir='ltr'><strong>paam</strong></span> <span class='ocrx_word' id='word_1_55' title='bbox 169 1167 187 1228; x_wconf 94' lang='lat' dir='ltr'><strong>b</strong></span> <span class='ocrx_word' id='word_1_56' title='bbox 210 1168 431 1251; x_wconf 51' lang='lat' dir='ltr'><strong>adponerent,</strong></span> <span class='ocrx_word' id='word_1_57' title='bbox 464 1175 493 1230; x_wconf 88' lang='lat' dir='ltr'><strong>et</strong></span> <span class='ocrx_word' id='word_1_58' title='bbox 517 1167 595 1249; x_wconf 75' lang='lat' dir='ltr'><strong>fucit</strong></span> <span class='ocrx_word' id='word_1_59' title='bbox 623 1166 651 1228; x_wconf 91' lang='lat' dir='ltr'><strong>b.</strong></span> <span class='ocrx_word' id='word_1_60' title='bbox 677 1167 896 1230; x_wconf 74' lang='lat' dir='ltr'><strong>salsamentum</strong></span> <span class='ocrx_word' id='word_1_61' title='bbox 929 1163 959 1246; x_wconf 75' lang='lat' dir='ltr'><strong>ll.</strong></span> <span class='ocrx_word' id='word_1_62' title='bbox 984 1165 1166 1228; x_wconf 87' lang='lat' dir='ltr'><strong>salmentam</strong></span> <span class='ocrx_word' id='word_1_63' title='bbox 1189 1185 1247 1247; x_wconf 90' lang='lat' dir='ltr'><strong>pre</strong></span> 
     </span>
     <span class='ocr_line' id='line_1_9' title="bbox 65 1262 1247 1353; baseline 0 -23"><span class='ocrx_word' id='word_1_64' title='bbox 65 1262 249 1353; x_wconf 81' lang='lat' dir='ltr'><strong>sabamento)</strong></span> <span class='ocrx_word' id='word_1_65' title='bbox 285 1289 341 1352; x_wconf 80' lang='lat' dir='ltr'><strong>pua</strong></span> <span class='ocrx_word' id='word_1_66' title='bbox 361 1271 448 1334; x_wconf 88' lang='lat' dir='ltr'><strong>modo</strong></span> <span class='ocrx_word' id='word_1_67' title='bbox 466 1277 666 1353; x_wconf 77' lang='lat' dir='ltr'><strong>poementnm</strong></span> <span class='ocrx_word' id='word_1_68' title='bbox 684 1289 744 1352; x_wconf 90' lang='lat' dir='ltr'><strong>pro</strong></span> <span class='ocrx_word' id='word_1_69' title='bbox 763 1271 949 1352; x_wconf 83' lang='lat' dir='ltr'><strong>pauimento.</strong></span> <span class='ocrx_word' id='word_1_70' title='bbox 997 1268 1033 1331; x_wconf 85' lang='lat' dir='ltr'><strong>de</strong></span> <span class='ocrx_word' id='word_1_71' title='bbox 1055 1269 1151 1330; x_wconf 83' lang='lat' dir='ltr'><strong>medio</strong></span> <span class='ocrx_word' id='word_1_72' title='bbox 1174 1269 1247 1331; x_wconf 87' lang='lat' dir='ltr'><strong>snb-</strong></span> 
     </span>
     <span class='ocr_line' id='line_1_10' title="bbox 66 1371 1248 1456; baseline 0.002 -24"><span class='ocrx_word' id='word_1_73' title='bbox 66 1372 192 1435; x_wconf 87' lang='lat' dir='ltr'><strong>trabitnr</strong></span> <span class='ocrx_word' id='word_1_74' title='bbox 221 1373 351 1456; x_wconf 78' lang='lat' dir='ltr'><strong>syllaba.</strong></span> <span class='ocrx_word' id='word_1_75' title='bbox 401 1375 509 1436; x_wconf 78' lang='lat' dir='ltr'><strong>‘anias</strong></span> <span class='ocrx_word' id='word_1_76' title='bbox 537 1373 572 1434; x_wconf 93' lang='lat' dir='ltr'><strong>ob</strong></span> <span class='ocrx_word' id='word_1_77' title='bbox 598 1373 752 1436; x_wconf 79' lang='lat' dir='ltr'><strong>nomam:&#39;</strong></span> <span class='ocrx_word' id='word_1_78' title='bbox 785 1373 875 1456; x_wconf 83' lang='lat' dir='ltr'><strong>lonpa</strong></span> <span class='ocrx_word' id='word_1_79' title='bbox 904 1391 969 1437; x_wconf 86' lang='lat' dir='ltr'><strong>esse</strong></span> <span class='ocrx_word' id='word_1_80' title='bbox 998 1371 1144 1434; x_wconf 80' lang='lat' dir='ltr'><strong>debuerat</strong></span> <span class='ocrx_word' id='word_1_81' title='bbox 1164 1373 1199 1434; x_wconf 92' lang='lat' dir='ltr'><strong>ni</strong></span> <span class='ocrx_word' id='word_1_82' title='bbox 1220 1379 1248 1434; x_wconf 86' lang='lat' dir='ltr'><strong>et</strong></span> 
     </span>
     <span class='ocr_line' id='line_1_11' title="bbox 68 1475 1247 1559; baseline 0.002 -23"><span class='ocrx_word' id='word_1_83' title='bbox 68 1476 122 1538; x_wconf 88' lang='lat' dir='ltr'><strong>loca</strong></span> <span class='ocrx_word' id='word_1_84' title='bbox 151 1477 253 1540; x_wconf 86' lang='lat' dir='ltr'><strong>brevis</strong></span> <span class='ocrx_word' id='word_1_85' title='bbox 283 1485 328 1540; x_wconf 82' lang='lat' dir='ltr'><strong>eal</strong></span> <span class='ocrx_word' id='word_1_86' title='bbox 353 1478 472 1559; x_wconf 87' lang='lat' dir='ltr'><strong>posito,</strong></span> <span class='ocrx_word' id='word_1_87' title='bbox 502 1475 712 1540; x_wconf 86' lang='lat' dir='ltr'><strong>antibaccbam</strong></span> <span class='ocrx_word' id='word_1_88' title='bbox 731 1478 834 1558; x_wconf 82' lang='lat' dir='ltr'><strong>posuit</strong></span> <span class='ocrx_word' id='word_1_89' title='bbox 852 1495 912 1558; x_wconf 85' lang='lat' dir='ltr'><strong>pro</strong></span> <span class='ocrx_word' id='word_1_90' title='bbox 934 1475 1063 1556; x_wconf 75' lang='lat' dir='ltr'><strong>dactylo.</strong></span> <span class='ocrx_word' id='word_1_91' title='bbox 1111 1476 1164 1538; x_wconf 87' lang='lat' dir='ltr'><strong>olli</strong></span> <span class='ocrx_word' id='word_1_92' title='bbox 1185 1476 1247 1538; x_wconf 84' lang='lat' dir='ltr'><strong>oli-</strong></span> 
     </span>
     <span class='ocr_line' id='line_1_12' title="bbox 65 1575 1248 1662; baseline 0.002 -23"><span class='ocrx_word' id='word_1_93' title='bbox 65 1581 177 1660; x_wconf 85' lang='lat' dir='ltr'><strong>paando</strong></span> <span class='ocrx_word' id='word_1_94' title='bbox 197 1582 325 1662; x_wconf 76' lang='lat' dir='ltr'><strong>ponitm</strong></span> <span class='ocrx_word' id='word_1_95' title='bbox 343 1600 402 1662; x_wconf 82' lang='lat' dir='ltr'><strong>pro</strong></span> <span class='ocrx_word' id='word_1_96' title='bbox 424 1588 497 1642; x_wconf 87' lang='lat' dir='ltr'><strong>tunc</strong></span> <span class='ocrx_word' id='word_1_97' title='bbox 518 1582 566 1644; x_wconf 87' lang='lat' dir='ltr'><strong>illi</strong></span> <span class='ocrx_word' id='word_1_98' title='bbox 592 1579 640 1660; x_wconf 84' lang='lat' dir='ltr'><strong>(ci.</strong></span> <span class='ocrx_word' id='word_1_99' title='bbox 667 1581 758 1642; x_wconf 87' lang='lat' dir='ltr'><strong>Serv.</strong></span> <span class='ocrx_word' id='word_1_100' title='bbox 785 1579 818 1641; x_wconf 90' lang='lat' dir='ltr'><strong>in</strong></span> <span class='ocrx_word' id='word_1_101' title='bbox 841 1581 935 1660; x_wconf 80' lang='lat' dir='ltr'><strong>Verg.</strong></span> <span class='ocrx_word' id='word_1_102' title='bbox 961 1575 1043 1640; x_wconf 81' lang='lat' dir='ltr'><strong>Aen.</strong></span> <span class='ocrx_word' id='word_1_103' title='bbox 1060 1597 1071 1640; x_wconf 90' lang='lat'>1</span> <span class='ocrx_word' id='word_1_104' title='bbox 1088 1579 1182 1662; x_wconf 67' lang='lat' dir='ltr'><strong>tbi),</strong></span> <span class='ocrx_word' id='word_1_105' title='bbox 1213 1586 1248 1641; x_wconf 87' lang='lat' dir='ltr'><strong>nt</strong></span> 
     </span>
     <span class='ocr_line' id='line_1_13' title="bbox 69 1680 1246 1766; baseline 0.001 -23"><span class='ocrx_word' id='word_1_106' title='bbox 69 1683 131 1744; x_wconf 80' lang='lat' dir='ltr'><strong>‘alli</strong></span> <span class='ocrx_word' id='word_1_107' title='bbox 158 1684 261 1746; x_wconf 82' lang='lat' dir='ltr'><strong>sedato</strong></span> <span class='ocrx_word' id='word_1_108' title='bbox 290 1683 444 1766; x_wconf 84' lang='lat' dir='ltr'><strong>respondit</strong></span> <span class='ocrx_word' id='word_1_109' title='bbox 466 1683 556 1746; x_wconf 85' lang='lat' dir='ltr'><strong>corde</strong></span> <span class='ocrx_word' id='word_1_110' title='bbox 577 1685 706 1746; x_wconf 82' lang='lat' dir='ltr'><strong>Latinus</strong></span> <span class='ocrx_word' id='word_1_111' title='bbox 735 1682 836 1766; x_wconf 80' lang='lat' dir='ltr'><strong>(Verg.</strong></span> <span class='ocrx_word' id='word_1_112' title='bbox 861 1681 941 1744; x_wconf 81' lang='lat' dir='ltr'><strong>Aen.</strong></span> <span class='ocrx_word' id='word_1_113' title='bbox 960 1700 1000 1743; x_wconf 85' lang='grc' dir='ltr'><strong>ιιι</strong></span> <span class='ocrx_word' id='word_1_114' title='bbox 1018 1680 1095 1766; x_wconf 59' lang='grc'><strong>18)]</strong></span> <span class='ocrx_word' id='word_1_115' title='bbox 1137 1683 1246 1764; x_wconf 87' lang='lat' dir='ltr'><strong>perni-</strong></span> 
     </span>
     <span class='ocr_line' id='line_1_14' title="bbox 64 1783 1247 1870; baseline -0.002 -22"><span class='ocrx_word' id='word_1_116' title='bbox 64 1786 117 1848; x_wconf 82' lang='lat' dir='ltr'><strong>cies</strong></span> <span class='ocrx_word' id='word_1_117' title='bbox 144 1786 284 1850; x_wconf 79' lang='lat' dir='ltr'><strong>saribatnt</strong></span> <span class='ocrx_word' id='word_1_118' title='bbox 312 1787 436 1868; x_wconf 85' lang='lat' dir='ltr'><strong>inperiti</strong></span> <span class='ocrx_word' id='word_1_119' title='bbox 463 1795 491 1850; x_wconf 87' lang='lat' dir='ltr'><strong>el</strong></span> <span class='ocrx_word' id='word_1_120' title='bbox 515 1787 675 1868; x_wconf 73' lang='lat' dir='ltr'><strong>[amanto</strong></span> <span class='ocrx_word' id='word_1_121' title='bbox 702 1783 861 1870; x_wconf 77' lang='lat' dir='ltr'><strong>[pentinum</strong></span> <span class='ocrx_word' id='word_1_122' title='bbox 887 1785 962 1848; x_wconf 91' lang='lat' dir='ltr'><strong>add.</strong></span> <span class='ocrx_word' id='word_1_123' title='bbox 989 1786 1022 1846; x_wconf 90' lang='lat' dir='ltr'><strong>iu</strong></span> <span class='ocrx_word' id='word_1_124' title='bbox 1045 1784 1156 1867; x_wconf 81' lang='lat' dir='ltr'><strong>marg.)</strong></span> <span class='ocrx_word' id='word_1_125' title='bbox 1190 1805 1247 1868; x_wconf 79' lang='lat' dir='ltr'><strong>qno</strong></span> 
     </span>
     <span class='ocr_line' id='line_1_15' title="bbox 66 1886 1248 1972; baseline 0.002 -25"><span class='ocrx_word' id='word_1_126' title='bbox 66 1889 141 1950; x_wconf 85' lang='lat' dir='ltr'><strong>nodo</strong></span> <span class='ocrx_word' id='word_1_127' title='bbox 160 1891 230 1972; x_wconf 86' lang='lat' dir='ltr'><strong>poti</strong></span> <span class='ocrx_word' id='word_1_128' title='bbox 250 1897 307 1953; x_wconf 86' lang='lat' dir='ltr'><strong>ets</strong></span> <span class='ocrx_word' id='word_1_129' title='bbox 327 1891 425 1952; x_wconf 86' lang='lat' dir='ltr'><strong>ratier</strong></span> <span class='ocrx_word' id='word_1_130' title='bbox 445 1889 526 1972; x_wconf 82' lang='lat' dir='ltr'><strong>(fort.</strong></span> <span class='ocrx_word' id='word_1_131' title='bbox 546 1908 603 1971; x_wconf 79' lang='lat' dir='ltr'><strong>pao</strong></span> <span class='ocrx_word' id='word_1_132' title='bbox 617 1888 703 1951; x_wconf 88' lang='lat' dir='ltr'><strong>modo</strong></span> <span class='ocrx_word' id='word_1_133' title='bbox 718 1889 830 1970; x_wconf 81' lang='lat' dir='ltr'><strong>species</strong></span> <span class='ocrx_word' id='word_1_134' title='bbox 842 1886 965 1971; x_wconf 72' lang='lat' dir='ltr'><strong>fomes).</strong></span> <span class='ocrx_word' id='word_1_135' title='bbox 1009 1887 1134 1970; x_wconf 69' lang='lat' dir='ltr'><strong>fauere</strong></span> <span class='ocrx_word' id='word_1_136' title='bbox 1148 1890 1248 1952; x_wconf 78' lang='lat' dir='ltr'><strong>comi-</strong></span> 
     </span>
     <span class='ocr_line' id='line_1_16' title="bbox 63 1990 1249 2076; baseline -0.001 -22"><span class='ocrx_word' id='word_1_137' title='bbox 63 1993 121 2070; x_wconf 80' lang='lat' dir='ltr'><strong>pan&#39;t</strong></span> <span class='ocrx_word' id='word_1_138' title='bbox 141 2011 191 2068; x_wconf 86' lang='lat' dir='ltr'><strong>ne,</strong></span> <span class='ocrx_word' id='word_1_139' title='bbox 214 2012 294 2076; x_wconf 84' lang='lat' dir='ltr'><strong>puae</strong></span> <span class='ocrx_word' id='word_1_140' title='bbox 313 1994 499 2054; x_wconf 82' lang='lat' dir='ltr'><strong>naturaliter</strong></span> <span class='ocrx_word' id='word_1_141' title='bbox 514 1993 604 2075; x_wconf 82' lang='lat' dir='ltr'><strong>lonpo</strong></span> <span class='ocrx_word' id='word_1_142' title='bbox 619 2000 673 2055; x_wconf 88' lang='lat' dir='ltr'><strong>est.</strong></span> <span class='ocrx_word' id='word_1_143' title='bbox 721 1992 907 2072; x_wconf 78' lang='lat' dir='ltr'><strong>transcripsi</strong></span> <span class='ocrx_word' id='word_1_144' title='bbox 923 1994 1026 2054; x_wconf 89' lang='lat' dir='ltr'><strong>omnia</strong></span> <span class='ocrx_word' id='word_1_145' title='bbox 1043 1993 1148 2072; x_wconf 86' lang='lat' dir='ltr'><strong>qualia</strong></span> <span class='ocrx_word' id='word_1_146' title='bbox 1162 1990 1249 2072; x_wconf 87' lang='lat' dir='ltr'><strong>apud</strong></span> 
     </span>
     <span class='ocr_line' id='line_1_17' title="bbox 67 2093 1245 2176; baseline 0.002 -22"><span class='ocrx_word' id='word_1_147' title='bbox 67 2094 194 2157; x_wconf 84' lang='lat' dir='ltr'><strong>licilium</strong></span> <span class='ocrx_word' id='word_1_148' title='bbox 223 2096 389 2176; x_wconf 83' lang='lat' dir='ltr'><strong>leguntur,</strong></span> <span class='ocrx_word' id='word_1_149' title='bbox 421 2096 557 2158; x_wconf 88' lang='lat' dir='ltr'><strong>servatis</strong></span> <span class='ocrx_word' id='word_1_150' title='bbox 586 2097 680 2157; x_wconf 89' lang='lat' dir='ltr'><strong>ctiam</strong></span> <span class='ocrx_word' id='word_1_151' title='bbox 710 2093 942 2158; x_wconf 81' lang='lat' dir='ltr'><strong>adnotamentis</strong></span> <span class='ocrx_word' id='word_1_152' title='bbox 964 2114 1045 2175; x_wconf 88' lang='lat' dir='ltr'><strong>quae</strong></span> <span class='ocrx_word' id='word_1_153' title='bbox 1069 2095 1245 2158; x_wconf 81' lang='lat' dir='ltr'><strong>interiecit:</strong></span> 
     </span>
     <span class='ocr_line' id='line_1_18' title="bbox 65 2197 1245 2281; baseline 0.002 -22"><span class='ocrx_word' id='word_1_154' title='bbox 65 2207 178 2275; x_wconf 83' lang='lat' dir='ltr'><strong>poterat</strong></span> <span class='ocrx_word' id='word_1_155' title='bbox 193 2197 313 2261; x_wconf 88' lang='lat' dir='ltr'><strong>addere</strong></span> <span class='ocrx_word' id='word_1_156' title='bbox 328 2197 534 2262; x_wconf 89' lang='lat' dir='ltr'><strong>scribendum</strong></span> <span class='ocrx_word' id='word_1_157' title='bbox 550 2198 648 2261; x_wconf 84' lang='lat' dir='ltr'><strong>inisse</strong></span> <span class='ocrx_word' id='word_1_158' title='bbox 664 2217 726 2259; x_wconf 91' lang='lat' dir='ltr'><strong>non</strong></span> <span class='ocrx_word' id='word_1_159' title='bbox 743 2198 958 2280; x_wconf 79' lang='lat' dir='ltr'><strong>adpnnpimaa‚</strong></span> <span class='ocrx_word' id='word_1_160' title='bbox 973 2197 1031 2261; x_wconf 89' lang='lat' dir='ltr'><strong>sed</strong></span> <span class='ocrx_word' id='word_1_161' title='bbox 1042 2198 1245 2281; x_wconf 76' lang='lat' dir='ltr'><strong>adpinpimns,</strong></span> 
     </span>
     <span class='ocr_line' id='line_1_19' title="bbox 68 2298 1246 2383; baseline 0.003 -25"><span class='ocrx_word' id='word_1_162' title='bbox 68 2309 126 2361; x_wconf 88' lang='lat' dir='ltr'><strong>tum</strong></span> <span class='ocrx_word' id='word_1_163' title='bbox 141 2303 234 2364; x_wconf 81' lang='lat' dir='ltr'><strong>unias</strong></span> <span class='ocrx_word' id='word_1_164' title='bbox 248 2301 285 2363; x_wconf 93' lang='lat' dir='ltr'><strong>ob</strong></span> <span class='ocrx_word' id='word_1_165' title='bbox 300 2321 418 2364; x_wconf 71' lang='lat' dir='ltr'><strong>mom</strong></span> <span class='ocrx_word' id='word_1_166' title='bbox 434 2301 600 2383; x_wconf 72' lang='lat' dir='ltr'><strong>ellassam</strong></span> <span class='ocrx_word' id='word_1_167' title='bbox 614 2301 795 2380; x_wconf 81' lang='lat' dir='ltr'><strong>Vergiliana</strong></span> <span class='ocrx_word' id='word_1_168' title='bbox 811 2320 882 2362; x_wconf 90' lang='lat' dir='ltr'><strong>esse</strong></span> <span class='ocrx_word' id='word_1_169' title='bbox 897 2298 977 2362; x_wconf 77' lang='lat' dir='ltr'><strong>Aen.</strong></span> <span class='ocrx_word' id='word_1_170' title='bbox 996 2321 1006 2362; x_wconf 90' lang='lat'>1</span> <span class='ocrx_word' id='word_1_171' title='bbox 1023 2301 1075 2382; x_wconf 81' lang='lat' dir='ltr'><strong>ll,</strong></span> <span class='ocrx_word' id='word_1_172' title='bbox 1101 2321 1154 2364; x_wconf 88' lang='grc' dir='ltr'>ιιιι</span> <span class='ocrx_word' id='word_1_173' title='bbox 1172 2301 1246 2380; x_wconf 80' lang='grc'><strong>677,</strong></span> 
     </span>
     <span class='ocr_line' id='line_1_20' title="bbox 66 2393 1288 2486; baseline 0.004 -23"><span class='ocrx_word' id='word_1_174' title='bbox 66 2403 279 2468; x_wconf 82' lang='lat' dir='ltr'><strong>Lucretianum</strong></span> <span class='ocrx_word' id='word_1_175' title='bbox 294 2393 316 2466; x_wconf 83' lang='lat'><strong>1¹</strong></span> <span class='ocrx_word' id='word_1_176' title='bbox 336 2405 396 2464; x_wconf 87' lang='lat' dir='ltr'><strong>l86</strong></span> <span class='ocrx_word' id='word_1_177' title='bbox 421 2403 572 2486; x_wconf 79' lang='lat' dir='ltr'><strong>infantibn</strong></span> <span class='ocrx_word' id='word_1_178' title='bbox 590 2407 713 2486; x_wconf 86' lang='lat' dir='ltr'><strong>paruis,</strong></span> <span class='ocrx_word' id='word_1_179' title='bbox 739 2403 780 2466; x_wconf 91' lang='lat' dir='ltr'><strong>de</strong></span> <span class='ocrx_word' id='word_1_180' title='bbox 803 2403 920 2484; x_wconf 88' lang='lat' dir='ltr'><strong>quibus</strong></span> <span class='ocrx_word' id='word_1_181' title='bbox 942 2404 1090 2468; x_wconf 85' lang='lat' dir='ltr'><strong>omnibus</strong></span> <span class='ocrx_word' id='word_1_182' title='bbox 1108 2407 1288 2468; x_wconf 84' lang='lat' dir='ltr'><strong>Donatusts</strong></span> 
     </span>
     <span class='ocr_line' id='line_1_21' title="bbox 68 2504 1246 2588; baseline 0.005 -24"><span class='ocrx_word' id='word_1_183' title='bbox 68 2505 93 2566; x_wconf 90' lang='lat' dir='ltr'><strong>in</strong></span> <span class='ocrx_word' id='word_1_184' title='bbox 114 2504 189 2569; x_wconf 84' lang='lat' dir='ltr'><strong>Arte</strong></span> <span class='ocrx_word' id='word_1_185' title='bbox 206 2527 228 2568; x_wconf 94' lang='grc' dir='ltr'><strong>ιι</strong></span> <span class='ocrx_word' id='word_1_186' title='bbox 246 2507 285 2569; x_wconf 86' lang='lat' dir='ltr'><strong>l&#39;i</strong></span> <span class='ocrx_word' id='word_1_187' title='bbox 309 2529 341 2588; x_wconf 89' lang='lat' dir='ltr'><strong>p.</strong></span> <span class='ocrx_word' id='word_1_188' title='bbox 360 2509 423 2568; x_wconf 76' lang='lat'><strong>392</strong></span> <span class='ocrx_word' id='word_1_189' title='bbox 447 2507 569 2570; x_wconf 90' lang='lat' dir='ltr'><strong>scribit.</strong></span> <span class='ocrx_word' id='word_1_190' title='bbox 617 2527 689 2569; x_wconf 91' lang='lat' dir='ltr'><strong>nam</strong></span> <span class='ocrx_word' id='word_1_191' title='bbox 721 2505 761 2569; x_wconf 84' lang='lat' dir='ltr'><strong>ed</strong></span> <span class='ocrx_word' id='word_1_192' title='bbox 793 2526 900 2570; x_wconf 85' lang='lat' dir='ltr'><strong>aarum</strong></span> <span class='ocrx_word' id='word_1_193' title='bbox 931 2527 1014 2588; x_wconf 88' lang='lat' dir='ltr'><strong>quae</strong></span> <span class='ocrx_word' id='word_1_194' title='bbox 1035 2509 1176 2571; x_wconf 85' lang='lat' dir='ltr'><strong>Donatus</strong></span> <span class='ocrx_word' id='word_1_195' title='bbox 1206 2507 1246 2570; x_wconf 87' lang='lat' dir='ltr'><strong>da</strong></span> 
     </span>
     <span class='ocr_line' id='line_1_22' title="bbox 68 2596 1248 2692; baseline 0.002 -22"><span class='ocrx_word' id='word_1_196' title='bbox 68 2605 253 2673; x_wconf 85' lang='lat' dir='ltr'><strong>barbarismo</strong></span> <span class='ocrx_word' id='word_1_197' title='bbox 283 2611 374 2673; x_wconf 89' lang='lat' dir='ltr'><strong>docet</strong></span> <span class='ocrx_word' id='word_1_198' title='bbox 394 2596 648 2692; x_wconf 48' lang='lat' dir='ltr'><strong>&#39;explicationem</strong></span> <span class='ocrx_word' id='word_1_199' title='bbox 676 2610 754 2672; x_wconf 90' lang='lat' dir='ltr'><strong>haec</strong></span> <span class='ocrx_word' id='word_1_200' title='bbox 785 2612 947 2691; x_wconf 88' lang='lat' dir='ltr'><strong>pertinere</strong></span> <span class='ocrx_word' id='word_1_201' title='bbox 974 2620 1078 2692; x_wconf 87' lang='lat' dir='ltr'><strong>patet,</strong></span> <span class='ocrx_word' id='word_1_202' title='bbox 1112 2623 1144 2673; x_wconf 92' lang='lat' dir='ltr'><strong>et</strong></span> <span class='ocrx_word' id='word_1_203' title='bbox 1166 2610 1248 2673; x_wconf 84' lang='lat' dir='ltr'><strong>dixit</strong></span> 
     </span>
     <span class='ocr_line' id='line_1_23' title="bbox 67 2711 1246 2794; baseline 0.003 -23"><span class='ocrx_word' id='word_1_204' title='bbox 67 2730 132 2774; x_wconf 89' lang='lat' dir='ltr'><strong>sane</strong></span> <span class='ocrx_word' id='word_1_205' title='bbox 156 2714 219 2776; x_wconf 90' lang='lat' dir='ltr'><strong>illic</strong></span> <span class='ocrx_word' id='word_1_206' title='bbox 235 2714 375 2777; x_wconf 87' lang='lat' dir='ltr'><strong>Kailios:</strong></span> <span class='ocrx_word' id='word_1_207' title='bbox 403 2713 514 2776; x_wconf 89' lang='lat' dir='ltr'><strong>eadem</strong></span> <span class='ocrx_word' id='word_1_208' title='bbox 538 2713 605 2776; x_wconf 89' lang='lat' dir='ltr'><strong>icre</strong></span> <span class='ocrx_word' id='word_1_209' title='bbox 628 2713 759 2794; x_wconf 78' lang='lat' dir='ltr'><strong>exponit</strong></span> <span class='ocrx_word' id='word_1_210' title='bbox 774 2713 914 2776; x_wconf 90' lang='lat' dir='ltr'><strong>lulianus</strong></span> <span class='ocrx_word' id='word_1_211' title='bbox 929 2713 1099 2777; x_wconf 88' lang='lat' dir='ltr'><strong>Toletanus</strong></span> <span class='ocrx_word' id='word_1_212' title='bbox 1122 2715 1153 2775; x_wconf 91' lang='lat' dir='ltr'><strong>in</strong></span> <span class='ocrx_word' id='word_1_213' title='bbox 1168 2711 1246 2776; x_wconf 83' lang='lat' dir='ltr'><strong>Arte</strong></span> 
     </span>
     <span class='ocr_line' id='line_1_24' title="bbox 69 2815 1248 2898; baseline 0.003 -24"><span class='ocrx_word' id='word_1_214' title='bbox 69 2832 85 2874; x_wconf 91' lang='lat' dir='ltr'><strong>n</strong></span> <span class='ocrx_word' id='word_1_215' title='bbox 107 2817 176 2878; x_wconf 83' lang='lat' dir='ltr'><strong>tta.</strong></span> <span class='ocrx_word' id='word_1_216' title='bbox 223 2827 255 2880; x_wconf 90' lang='lat' dir='ltr'><strong>et</strong></span> <span class='ocrx_word' id='word_1_217' title='bbox 284 2819 423 2880; x_wconf 87' lang='lat' dir='ltr'><strong>Donatus</strong></span> <span class='ocrx_word' id='word_1_218' title='bbox 460 2816 590 2898; x_wconf 86' lang='lat' dir='ltr'><strong>quidem</strong></span> <span class='ocrx_word' id='word_1_219' title='bbox 626 2816 704 2879; x_wconf 88' lang='lat' dir='ltr'><strong>dicit</strong></span> <span class='ocrx_word' id='word_1_220' title='bbox 738 2815 971 2878; x_wconf 87' lang='lat' dir='ltr'><strong>barbarismum</strong></span> <span class='ocrx_word' id='word_1_221' title='bbox 1002 2817 1070 2879; x_wconf 88' lang='lat' dir='ltr'><strong>fieri</strong></span> <span class='ocrx_word' id='word_1_222' title='bbox 1100 2835 1159 2898; x_wconf 87' lang='lat' dir='ltr'><strong>per</strong></span> <span class='ocrx_word' id='word_1_223' title='bbox 1189 2815 1248 2878; x_wconf 90' lang='lat' dir='ltr'><strong>de-</strong></span> 
     </span>
     <span class='ocr_line' id='line_1_25' title="bbox 69 2919 1248 3002; baseline 0.005 -26"><span class='ocrx_word' id='word_1_224' title='bbox 69 2922 242 2984; x_wconf 87' lang='lat' dir='ltr'><strong>tractionem</strong></span> <span class='ocrx_word' id='word_1_225' title='bbox 265 2919 426 3002; x_wconf 80' lang='lat' dir='ltr'><strong>syllabae,</strong></span> <span class='ocrx_word' id='word_1_226' title='bbox 451 2927 485 2982; x_wconf 85' lang='lat' dir='ltr'><strong>al</strong></span> <span class='ocrx_word' id='word_1_227' title='bbox 507 2920 689 2982; x_wconf 86' lang='lat' dir='ltr'><strong>salmentam</strong></span> <span class='ocrx_word' id='word_1_228' title='bbox 708 2939 768 3002; x_wconf 86' lang='lat' dir='ltr'><strong>pro</strong></span> <span class='ocrx_word' id='word_1_229' title='bbox 790 2919 993 2996; x_wconf 85' lang='lat' dir='ltr'><strong>salsamento,</strong></span> <span class='ocrx_word' id='word_1_230' title='bbox 1019 2938 1078 3001; x_wconf 90' lang='lat' dir='ltr'><strong>per</strong></span> <span class='ocrx_word' id='word_1_231' title='bbox 1101 2921 1248 2982; x_wconf 87' lang='lat' dir='ltr'><strong>immuta-</strong></span> 
     </span>
     <span class='ocr_line' id='line_1_26' title="bbox 70 3021 1248 3106; baseline 0.006 -27"><span class='ocrx_word' id='word_1_232' title='bbox 70 3021 173 3084; x_wconf 87' lang='lat' dir='ltr'><strong>tionem</strong></span> <span class='ocrx_word' id='word_1_233' title='bbox 196 3023 349 3106; x_wconf 83' lang='lat' dir='ltr'><strong>syllabae,</strong></span> <span class='ocrx_word' id='word_1_234' title='bbox 375 3031 408 3084; x_wconf 84' lang='lat' dir='ltr'><strong>nt</strong></span> <span class='ocrx_word' id='word_1_235' title='bbox 425 3025 583 3104; x_wconf 79' lang='lat' dir='ltr'><strong>permittes</strong></span> <span class='ocrx_word' id='word_1_236' title='bbox 595 3041 655 3104; x_wconf 88' lang='lat' dir='ltr'><strong>pre</strong></span> <span class='ocrx_word' id='word_1_237' title='bbox 667 3024 830 3104; x_wconf 81' lang='lat' dir='ltr'><strong>pernicies.</strong></span> <span class='ocrx_word' id='word_1_238' title='bbox 875 3032 1046 3104; x_wconf 90' lang='lat' dir='ltr'><strong>utrumque</strong></span> <span class='ocrx_word' id='word_1_239' title='bbox 1063 3026 1180 3105; x_wconf 89' lang='lat' dir='ltr'><strong>repetit</strong></span> <span class='ocrx_word' id='word_1_240' title='bbox 1195 3025 1248 3086; x_wconf 91' lang='lat' dir='ltr'><strong>lu-</strong></span> 
     </span>
     <span class='ocr_line' id='line_1_27' title="bbox 70 3123 1243 3209; baseline 0.005 -27"><span class='ocrx_word' id='word_1_241' title='bbox 70 3123 170 3205; x_wconf 89' lang='lat' dir='ltr'><strong>lianus,</strong></span> <span class='ocrx_word' id='word_1_242' title='bbox 195 3125 282 3209; x_wconf 83' lang='lat' dir='ltr'><strong>apud</strong></span> <span class='ocrx_word' id='word_1_243' title='bbox 305 3146 401 3208; x_wconf 91' lang='lat' dir='ltr'><strong>quem</strong></span> <span class='ocrx_word' id='word_1_244' title='bbox 424 3127 505 3189; x_wconf 89' lang='lat' dir='ltr'><strong>male</strong></span> <span class='ocrx_word' id='word_1_245' title='bbox 529 3128 683 3208; x_wconf 82' lang='lat' dir='ltr'><strong>scriptum</strong></span> <span class='ocrx_word' id='word_1_246' title='bbox 707 3136 755 3204; x_wconf 83' lang='lat' dir='ltr'><strong>est</strong></span> <span class='ocrx_word' id='word_1_247' title='bbox 776 3134 811 3190; x_wconf 84' lang='lat' dir='ltr'><strong>nt</strong></span> <span class='ocrx_word' id='word_1_248' title='bbox 828 3127 989 3208; x_wconf 71' lang='lat' dir='ltr'><strong>pamicies</strong></span> <span class='ocrx_word' id='word_1_249' title='bbox 1008 3145 1068 3208; x_wconf 86' lang='lat' dir='ltr'><strong>pra</strong></span> <span class='ocrx_word' id='word_1_250' title='bbox 1080 3129 1243 3209; x_wconf 87' lang='lat' dir='ltr'><strong>pernicies.</strong></span> 
     </span>
     <span class='ocr_line' id='line_1_28' title="bbox 70 3229 1249 3311; baseline 0.003 -23"><span class='ocrx_word' id='word_1_251' title='bbox 70 3239 219 3304; x_wconf 78' lang='lat' dir='ltr'><strong>peccatum</strong></span> <span class='ocrx_word' id='word_1_252' title='bbox 244 3241 292 3293; x_wconf 92' lang='lat' dir='ltr'><strong>cst</strong></span> <span class='ocrx_word' id='word_1_253' title='bbox 314 3231 408 3293; x_wconf 90' lang='lat' dir='ltr'><strong>etiam</strong></span> <span class='ocrx_word' id='word_1_254' title='bbox 429 3233 462 3293; x_wconf 90' lang='lat' dir='ltr'><strong>in</strong></span> <span class='ocrx_word' id='word_1_255' title='bbox 477 3229 585 3293; x_wconf 89' lang='lat' dir='ltr'><strong>codice</strong></span> <span class='ocrx_word' id='word_1_256' title='bbox 601 3232 791 3294; x_wconf 85' lang='lat' dir='ltr'><strong>Levantino:</strong></span> <span class='ocrx_word' id='word_1_257' title='bbox 816 3231 989 3311; x_wconf 85' lang='lat' dir='ltr'><strong>scripserat</strong></span> <span class='ocrx_word' id='word_1_258' title='bbox 1003 3238 1058 3292; x_wconf 90' lang='lat' dir='ltr'><strong>aut</strong></span> <span class='ocrx_word' id='word_1_259' title='bbox 1073 3230 1249 3294; x_wconf 82' lang='lat' dir='ltr'><strong>dictaverat</strong></span> 
     </span>
     <span class='ocr_line' id='line_1_29' title="bbox 69 3330 1248 3416; baseline 0.006 -28"><span class='ocrx_word' id='word_1_260' title='bbox 69 3330 132 3392; x_wconf 84' lang='lat' dir='ltr'><strong>elim</strong></span> <span class='ocrx_word' id='word_1_261' title='bbox 153 3334 304 3415; x_wconf 78' lang='lat' dir='ltr'><strong>magister</strong></span> <span class='ocrx_word' id='word_1_262' title='bbox 325 3335 480 3416; x_wconf 81' lang='lat' dir='ltr'><strong>pernities</strong></span> <span class='ocrx_word' id='word_1_263' title='bbox 503 3333 641 3396; x_wconf 78' lang='lat' dir='ltr'><strong>scribant</strong></span> <span class='ocrx_word' id='word_1_264' title='bbox 663 3335 788 3415; x_wconf 81' lang='lat' dir='ltr'><strong>inperiti</strong></span> <span class='ocrx_word' id='word_1_265' title='bbox 808 3340 837 3395; x_wconf 86' lang='lat' dir='ltr'><strong>et</strong></span> <span class='ocrx_word' id='word_1_266' title='bbox 854 3332 976 3414; x_wconf 72' lang='lat' dir='ltr'><strong>sociant</strong></span> <span class='ocrx_word' id='word_1_267' title='bbox 999 3333 1016 3394; x_wconf 94' lang='lat' dir='ltr'><strong>b</strong></span> <span class='ocrx_word' id='word_1_268' title='bbox 1044 3331 1088 3414; x_wconf 91' lang='lat' dir='ltr'><strong>(id</strong></span> <span class='ocrx_word' id='word_1_269' title='bbox 1108 3341 1158 3397; x_wconf 92' lang='lat' dir='ltr'><strong>est</strong></span> <span class='ocrx_word' id='word_1_270' title='bbox 1170 3333 1248 3396; x_wconf 88' lang='lat' dir='ltr'><strong>bor·-</strong></span> 
     </span>
     <span class='ocr_line' id='line_1_30' title="bbox 70 3430 1247 3520; baseline 0.003 -25"><span class='ocrx_word' id='word_1_271' title='bbox 70 3430 232 3520; x_wconf 72' lang='lat' dir='ltr'><strong>tammum)</strong></span> <span class='ocrx_word' id='word_1_272' title='bbox 259 3438 411 3520; x_wconf 83' lang='lat' dir='ltr'><strong>peminum</strong></span> <span class='ocrx_word' id='word_1_273' title='bbox 439 3435 599 3518; x_wconf 83' lang='lat' dir='ltr'><strong>(nimirum</strong></span> <span class='ocrx_word' id='word_1_274' title='bbox 621 3454 652 3496; x_wconf 89' lang='lat' dir='ltr'><strong>m</strong></span> <span class='ocrx_word' id='word_1_275' title='bbox 674 3456 731 3517; x_wconf 88' lang='lat' dir='ltr'><strong>pro</strong></span> <span class='ocrx_word' id='word_1_276' title='bbox 746 3457 768 3497; x_wconf 92' lang='lat' dir='ltr'><strong>n</strong></span> <span class='ocrx_word' id='word_1_277' title='bbox 789 3445 822 3499; x_wconf 91' lang='lat' dir='ltr'><strong>et</strong></span> <span class='ocrx_word' id='word_1_278' title='bbox 838 3443 849 3498; x_wconf 87' lang='lat' dir='ltr'><strong>t</strong></span> <span class='ocrx_word' id='word_1_279' title='bbox 867 3456 923 3517; x_wconf 90' lang='lat' dir='ltr'><strong>pro</strong></span> <span class='ocrx_word' id='word_1_280' title='bbox 937 3457 954 3499; x_wconf 92' lang='lat' dir='ltr'><strong>c</strong></span> <span class='ocrx_word' id='word_1_281' title='bbox 969 3436 1165 3520; x_wconf 81' lang='lat' dir='ltr'><strong>scribendo),</strong></span> <span class='ocrx_word' id='word_1_282' title='bbox 1191 3457 1247 3518; x_wconf 81' lang='lat' dir='ltr'><strong>qno</strong></span> 
     </span>
     <span class='ocr_line' id='line_1_31' title="bbox 71 3538 1248 3622; baseline 0.001 -21"><span class='ocrx_word' id='word_1_283' title='bbox 71 3538 142 3601; x_wconf 78' lang='lat' dir='ltr'><strong>noan</strong></span> <span class='ocrx_word' id='word_1_284' title='bbox 159 3539 253 3622; x_wconf 75' lang='lat' dir='ltr'><strong>faties</strong></span> <span class='ocrx_word' id='word_1_285' title='bbox 276 3541 395 3622; x_wconf 85' lang='lat' dir='ltr'><strong>spelies.</strong></span> <span class='ocrx_word' id='word_1_286' title='bbox 444 3538 523 3602; x_wconf 90' lang='lat' dir='ltr'><strong>illud</strong></span> <span class='ocrx_word' id='word_1_287' title='bbox 546 3559 609 3602; x_wconf 85' lang='lat' dir='ltr'><strong>non</strong></span> <span class='ocrx_word' id='word_1_288' title='bbox 631 3539 728 3602; x_wconf 90' lang='lat' dir='ltr'><strong>credo</strong></span> <span class='ocrx_word' id='word_1_289' title='bbox 745 3540 856 3620; x_wconf 86' lang='lat' dir='ltr'><strong>Keilio,</strong></span> <span class='ocrx_word' id='word_1_290' title='bbox 883 3559 1075 3620; x_wconf 88' lang='lat' dir='ltr'><strong>quamquam</strong></span> <span class='ocrx_word' id='word_1_291' title='bbox 1099 3541 1182 3603; x_wconf 87' lang='lat' dir='ltr'><strong>soleo</strong></span> <span class='ocrx_word' id='word_1_292' title='bbox 1200 3542 1248 3602; x_wconf 91' lang='lat' dir='ltr'><strong>iu-</strong></span> 
     </span>
     <span class='ocr_line' id='line_1_32' title="bbox 71 3637 1249 3725; baseline 0.007 -28"><span class='ocrx_word' id='word_1_293' title='bbox 71 3637 140 3704; x_wconf 86' lang='lat' dir='ltr'><strong>dicia</strong></span> <span class='ocrx_word' id='word_1_294' title='bbox 161 3644 231 3706; x_wconf 89' lang='lat' dir='ltr'><strong>eius</strong></span> <span class='ocrx_word' id='word_1_295' title='bbox 254 3643 387 3706; x_wconf 87' lang='lat' dir='ltr'><strong>multum</strong></span> <span class='ocrx_word' id='word_1_296' title='bbox 411 3642 566 3722; x_wconf 87' lang='lat' dir='ltr'><strong>tribuere,</strong></span> <span class='ocrx_word' id='word_1_297' title='bbox 589 3644 758 3724; x_wconf 72' lang='lat' dir='ltr'><strong>permetiens</strong></span> <span class='ocrx_word' id='word_1_298' title='bbox 775 3643 874 3704; x_wconf 90' lang='lat' dir='ltr'><strong>Plauti</strong></span> <span class='ocrx_word' id='word_1_299' title='bbox 890 3653 922 3705; x_wconf 90' lang='lat' dir='ltr'><strong>et</strong></span> <span class='ocrx_word' id='word_1_300' title='bbox 937 3643 1077 3704; x_wconf 89' lang='lat' dir='ltr'><strong>Terentii</strong></span> <span class='ocrx_word' id='word_1_301' title='bbox 1093 3643 1249 3725; x_wconf 84' lang='lat' dir='ltr'><strong>exemplis</strong></span> 
     </span>
     <span class='ocr_line' id='line_1_33' title="bbox 71 3744 1248 3827; baseline 0.004 -25"><span class='ocrx_word' id='word_1_302' title='bbox 71 3744 269 3808; x_wconf 81' lang='lat' dir='ltr'><strong>confirmatam</strong></span> <span class='ocrx_word' id='word_1_303' title='bbox 293 3765 374 3808; x_wconf 90' lang='lat' dir='ltr'><strong>esse.</strong></span> <span class='ocrx_word' id='word_1_304' title='bbox 423 3746 637 3826; x_wconf 87' lang='lat' dir='ltr'><strong>perniciosum</strong></span> <span class='ocrx_word' id='word_1_305' title='bbox 659 3746 744 3807; x_wconf 87' lang='lat' dir='ltr'><strong>enim</strong></span> <span class='ocrx_word' id='word_1_306' title='bbox 767 3765 837 3809; x_wconf 83' lang='lat' dir='ltr'><strong>esse</strong></span> <span class='ocrx_word' id='word_1_307' title='bbox 862 3746 939 3808; x_wconf 90' lang='lat' dir='ltr'><strong>mibi</strong></span> <span class='ocrx_word' id='word_1_308' title='bbox 961 3744 1090 3808; x_wconf 90' lang='lat' dir='ltr'><strong>videtur</strong></span> <span class='ocrx_word' id='word_1_309' title='bbox 1105 3765 1248 3827; x_wconf 88' lang='lat' dir='ltr'><strong>quorun-</strong></span> 
     </span>
     <span class='ocr_line' id='line_1_34' title="bbox 71 3841 1246 3930; baseline 0.003 -24"><span class='ocrx_word' id='word_1_310' title='bbox 71 3841 130 3908; x_wconf 88' lang='lat' dir='ltr'><strong>dam</strong></span> <span class='ocrx_word' id='word_1_311' title='bbox 151 3849 293 3913; x_wconf 89' lang='lat' dir='ltr'><strong>studium</strong></span> <span class='ocrx_word' id='word_1_312' title='bbox 316 3869 380 3930; x_wconf 90' lang='lat' dir='ltr'><strong>quo</strong></span> <span class='ocrx_word' id='word_1_313' title='bbox 403 3847 563 3929; x_wconf 87' lang='lat' dir='ltr'><strong>quidquid</strong></span> <span class='ocrx_word' id='word_1_314' title='bbox 587 3859 713 3910; x_wconf 88' lang='lat' dir='ltr'><strong>veteres</strong></span> <span class='ocrx_word' id='word_1_315' title='bbox 736 3847 810 3910; x_wconf 92' lang='lat' dir='ltr'><strong>libri</strong></span> <span class='ocrx_word' id='word_1_316' title='bbox 834 3848 952 3912; x_wconf 81' lang='lat' dir='ltr'><strong>babent</strong></span> <span class='ocrx_word' id='word_1_317' title='bbox 966 3847 1170 3930; x_wconf 77' lang='lat' dir='ltr'><strong>stribiliginis</strong></span> <span class='ocrx_word' id='word_1_318' title='bbox 1186 3850 1246 3930; x_wconf 91' lang='lat' dir='ltr'><strong>ipsi</strong></span> 
     </span>
     <span class='ocr_line' id='line_1_35' title="bbox 73 3950 1246 4034; baseline 0.004 -25"><span class='ocrx_word' id='word_1_319' title='bbox 73 3950 154 4025; x_wconf 89' lang='lat' dir='ltr'><strong>probo</strong></span> <span class='ocrx_word' id='word_1_320' title='bbox 183 3963 214 4016; x_wconf 89' lang='lat' dir='ltr'><strong>ct</strong></span> <span class='ocrx_word' id='word_1_321' title='bbox 244 3953 434 4034; x_wconf 89' lang='lat' dir='ltr'><strong>perantiquo</strong></span> <span class='ocrx_word' id='word_1_322' title='bbox 463 3953 601 4014; x_wconf 89' lang='lat' dir='ltr'><strong>sermoni</strong></span> <span class='ocrx_word' id='word_1_323' title='bbox 633 3950 805 4033; x_wconf 83' lang='lat' dir='ltr'><strong>adfingitur</strong></span> <span class='ocrx_word' id='word_1_324' title='bbox 826 3953 956 4033; x_wconf 90' lang='lat' dir='ltr'><strong>orisque</strong></span> <span class='ocrx_word' id='word_1_325' title='bbox 979 3971 1061 4032; x_wconf 89' lang='lat' dir='ltr'><strong>quae</strong></span> <span class='ocrx_word' id='word_1_326' title='bbox 1084 3953 1246 4034; x_wconf 89' lang='lat' dir='ltr'><strong>paullatim</strong></span> 
     </span>
     <span class='ocr_line' id='line_1_36' title="bbox 74 4051 1247 4136; baseline 0.006 -27"><span class='ocrx_word' id='word_1_327' title='bbox 74 4051 303 4119; x_wconf 87' lang='lat' dir='ltr'><strong>increbruerunt</strong></span> <span class='ocrx_word' id='word_1_328' title='bbox 326 4055 403 4117; x_wconf 86' lang='lat' dir='ltr'><strong>vitia</strong></span> <span class='ocrx_word' id='word_1_329' title='bbox 425 4054 465 4118; x_wconf 89' lang='lat' dir='ltr'><strong>ad</strong></span> <span class='ocrx_word' id='word_1_330' title='bbox 482 4053 621 4118; x_wconf 81' lang='lat' dir='ltr'><strong>indicam</strong></span> <span class='ocrx_word' id='word_1_331' title='bbox 640 4055 862 4136; x_wconf 85' lang='lat' dir='ltr'><strong>antiquitatem</strong></span> <span class='ocrx_word' id='word_1_332' title='bbox 878 4055 1073 4119; x_wconf 77' lang='lat' dir='ltr'><strong>referuntur.</strong></span> <span class='ocrx_word' id='word_1_333' title='bbox 1113 4055 1247 4118; x_wconf 85' lang='lat' dir='ltr'><strong>solmen-</strong></span> 
     </span>
     <span class='ocr_line' id='line_1_37' title="bbox 73 4156 1246 4240; baseline 0.01 -30"><span class='ocrx_word' id='word_1_334' title='bbox 73 4159 137 4233; x_wconf 85' lang='lat' dir='ltr'><strong>tam,</strong></span> <span class='ocrx_word' id='word_1_335' title='bbox 160 4159 243 4240; x_wconf 90' lang='lat' dir='ltr'><strong>quod</strong></span> <span class='ocrx_word' id='word_1_336' title='bbox 267 4159 521 4222; x_wconf 84' lang='lat' dir='ltr'><strong>commemoravit</strong></span> <span class='ocrx_word' id='word_1_337' title='bbox 543 4159 682 4222; x_wconf 84' lang='lat' dir='ltr'><strong>Faernus</strong></span> <span class='ocrx_word' id='word_1_338' title='bbox 705 4159 738 4220; x_wconf 90' lang='lat' dir='ltr'><strong>in</strong></span> <span class='ocrx_word' id='word_1_339' title='bbox 760 4156 899 4221; x_wconf 77' lang='lat' dir='ltr'><strong>Andriae</strong></span> <span class='ocrx_word' id='word_1_340' title='bbox 922 4159 1003 4240; x_wconf 87' lang='lat' dir='ltr'><strong>prol.</strong></span> <span class='ocrx_word' id='word_1_341' title='bbox 1022 4179 1051 4220; x_wconf 93' lang='lat' dir='ltr'><strong>v.</strong></span> <span class='ocrx_word' id='word_1_342' title='bbox 1074 4159 1124 4238; x_wconf 84' lang='lat' dir='ltr'><strong>il,</strong></span> <span class='ocrx_word' id='word_1_343' title='bbox 1150 4161 1246 4222; x_wconf 89' lang='lat' dir='ltr'><strong>Bent-</strong></span> 
     </span>
     <span class='ocr_line' id='line_1_38' title="bbox 75 4253 1246 4344; baseline 0.01 -30"><span class='ocrx_word' id='word_1_344' title='bbox 75 4253 140 4320; x_wconf 87' lang='lat' dir='ltr'><strong>leius</strong></span> <span class='ocrx_word' id='word_1_345' title='bbox 166 4261 226 4322; x_wconf 90' lang='lat' dir='ltr'><strong>sibi</strong></span> <span class='ocrx_word' id='word_1_346' title='bbox 249 4261 426 4325; x_wconf 89' lang='lat' dir='ltr'><strong>inauditum</strong></span> <span class='ocrx_word' id='word_1_347' title='bbox 450 4280 521 4324; x_wconf 91' lang='lat' dir='ltr'><strong>esse</strong></span> <span class='ocrx_word' id='word_1_348' title='bbox 544 4261 638 4324; x_wconf 90' lang='lat' dir='ltr'><strong>dicit:</strong></span> <span class='ocrx_word' id='word_1_349' title='bbox 672 4262 793 4344; x_wconf 79' lang='lat' dir='ltr'><strong>legerat</strong></span> <span class='ocrx_word' id='word_1_350' title='bbox 816 4260 913 4342; x_wconf 90' lang='lat' dir='ltr'><strong>illud,</strong></span> <span class='ocrx_word' id='word_1_351' title='bbox 947 4262 1075 4343; x_wconf 90' lang='lat' dir='ltr'><strong>opinor,</strong></span> <span class='ocrx_word' id='word_1_352' title='bbox 1106 4261 1246 4326; x_wconf 85' lang='lat' dir='ltr'><strong>Faernus</strong></span> 
     </span>
     <span class='ocr_line' id='line_1_39' title="bbox 75 4361 1246 4447; baseline 0.003 -26"><span class='ocrx_word' id='word_1_353' title='bbox 75 4361 145 4437; x_wconf 84' lang='lat' dir='ltr'><strong>apud</strong></span> <span class='ocrx_word' id='word_1_354' title='bbox 159 4363 323 4428; x_wconf 86' lang='lat' dir='ltr'><strong>Donatum.</strong></span> <span class='ocrx_word' id='word_1_355' title='bbox 371 4364 456 4445; x_wconf 90' lang='lat' dir='ltr'><strong>quod</strong></span> <span class='ocrx_word' id='word_1_356' title='bbox 478 4375 572 4427; x_wconf 92' lang='lat' dir='ltr'><strong>antea</strong></span> <span class='ocrx_word' id='word_1_357' title='bbox 594 4375 755 4447; x_wconf 91' lang='lat' dir='ltr'><strong>tamquam</strong></span> <span class='ocrx_word' id='word_1_358' title='bbox 778 4363 957 4428; x_wconf 90' lang='lat' dir='ltr'><strong>subtractae</strong></span> <span class='ocrx_word' id='word_1_359' title='bbox 973 4363 1013 4427; x_wconf 90' lang='lat' dir='ltr'><strong>de</strong></span> <span class='ocrx_word' id='word_1_360' title='bbox 1030 4362 1135 4428; x_wconf 90' lang='lat' dir='ltr'><strong>medio</strong></span> <span class='ocrx_word' id='word_1_361' title='bbox 1151 4367 1246 4446; x_wconf 81' lang='lat' dir='ltr'><strong>sylla—</strong></span> 
     </span>
     <span class='ocr_line' id='line_1_40' title="bbox 77 4457 1245 4553; baseline 0.006 -28"><span class='ocrx_word' id='word_1_362' title='bbox 77 4457 124 4526; x_wconf 82' lang='lat' dir='ltr'><strong>bae</strong></span> <span class='ocrx_word' id='word_1_363' title='bbox 143 4469 319 4553; x_wconf 80' lang='lat' dir='ltr'><strong>exemplum</strong></span> <span class='ocrx_word' id='word_1_364' title='bbox 341 4467 487 4532; x_wconf 75' lang='lat' dir='ltr'><strong>adfertur</strong></span> <span class='ocrx_word' id='word_1_365' title='bbox 498 4475 697 4552; x_wconf 85' lang='lat' dir='ltr'><strong>paamentum</strong></span> <span class='ocrx_word' id='word_1_366' title='bbox 710 4488 769 4553; x_wconf 86' lang='lat' dir='ltr'><strong>pro</strong></span> <span class='ocrx_word' id='word_1_367' title='bbox 781 4470 954 4552; x_wconf 84' lang='lat' dir='ltr'><strong>pavimento</strong></span> <span class='ocrx_word' id='word_1_368' title='bbox 971 4469 1135 4534; x_wconf 82' lang='lat' dir='ltr'><strong>invenitur</strong></span> <span class='ocrx_word' id='word_1_369' title='bbox 1150 4469 1245 4532; x_wconf 86' lang='lat' dir='ltr'><strong>etiam</strong></span> 
     </span>
    </p>
   </div>
   <div class='ocr_carea' id='block_1_3' title="bbox 0 0 1598 5132">
    <p class='ocr_par' dir='ltr' id='par_1_4' title="bbox 0 0 1598 5132">
     <span class='ocr_line' id='line_1_41' title="bbox 0 0 1598 5132; baseline 0 0"><span class='ocrx_word' id='word_1_370' title='bbox 0 0 1598 5132; x_wconf 95' lang='lat' dir='ltr'><strong> </strong></span> 
     </span>
    </p>
   </div>
  </div>
 </body>
</html>
