3178 5136
567 390 783 452 Cosrrcrixm.
1193 371 1266 446 5¹19

83 583 98 640 t
122 579 156 640 at
186 575 262 640 dicit
283 583 394 657 casm,
419 593 578 656 sermono,
607 585 707 641 vestm
729 579 760 639 in
783 577 900 639 arduos
928 576 1027 640 Tollor
1042 575 1181 640 Sabinos.
1223 578 1269 640 si-

82 683 198 745 militer
218 678 349 743 Ovidius
371 678 441 742 Am.
466 699 488 742 u
513 682 552 742 ld
576 679 618 742 37
641 699 702 741 non
724 699 775 764 epo
800 680 957 762 Pnolipnos
988 679 1095 742 videor
1116 679 1269 742 celebrere

81 783 394 866 commarceyo
416 783 568 864 mom,
600 801 680 846 roro
697 789 844 866 paterna,
874 783 983 846 locum.
1031 783 1161 844 memini
1185 782 1269 844 hunc

81 906 172 950 usum
195 885 342 967 loquendi
364 887 599 950 Lachmanuum
621 904 672 948 mc
695 885 769 948 olim
792 883 949 948 docuisse.

163 989 305 1054 Lxxxtl.
359 989 574 1066 Quintilianus
600 1008 610 1052 1
635 989 647 1050 l
677 988 717 1050 35
747 996 776 1050 ct
804 990 947 1070 mmmom
978 989 1063 1050 circo
1092 1006 1143 1050 res
1170 988 1270 1052 adbuc

80 1102 181 1158 teosoes
198 1110 364 1172 moromm,
391 1093 414 1156 ii
434 1109 550 1175 proma
564 1109 672 1156 versos
692 1092 745 1173 prii
761 1089 803 1154 cd
819 1092 1015 1154 imitationem
1030 1090 1184 1154 scribendi
1194 1111 1270 1174 pro-

77 1202 307 1275 poematorum
328 1197 443 1258 otiosos
465 1194 556 1258 velim
577 1195 743 1258 sententias
764 1192 911 1274 lateam,
942 1193 996 1256 scd
1025 1193 1181 1258 tamtam
1208 1194 1270 1256 oli-

80 1297 152 1379 ooid
174 1299 337 1362 moretm:
357 1298 555 1380 prosequitur
576 1296 652 1360 boec
674 1298 820 1360 memorio
843 1299 874 1358 in
889 1303 1066 1360 senectutem
1085 1305 1113 1358 et
1128 1298 1271 1379 inpresso

82 1402 182 1464 animo
204 1399 276 1464 rudi
296 1418 393 1482 usmis
415 1399 458 1464 od
472 1417 572 1464 mores
590 1400 737 1482 proficiet.
784 1401 968 1462 concinnior
982 1397 1017 1460 lit
1032 1401 1131 1462 oratio
1147 1401 1172 1462 si
1190 1401 1270 1462 scri-

84 1501 188 1568 bimus
206 1510 415 1586 proscqoctor.
463 1522 535 1566 mox
558 1491 656 1566 lelsus
678 1513 727 1566 εει
749 1501 953 1584 Spaldingius
976 1521 1047 1566 cum
1063 1499 1200 1566 credidit
1214 1520 1270 1566 us-

82 1624 136 1688 que
159 1605 203 1667 od
224 1623 320 1668 mores
339 1606 476 1687 proficiet
497 1604 639 1688 intellegi
660 1623 770 1686 posse:
805 1604 907 1668 aliene
937 1607 1023 1668 enim
1045 1616 1119 1668 suut
1142 1604 1270 1668 Cicero-

80 1708 174 1770 niana
189 1725 269 1788 quac
282 1709 449 1769 Ernestius
464 1717 702 1788 conparaverat.
727 1704 968 1769 Almeloveenus
983 1726 1081 1772 mores
1096 1710 1130 1770 in
1146 1717 1271 1770 mortem

79 1809 263 1873 mutandum
287 1830 356 1872 esse
378 1811 523 1872 coniecit.
573 1828 635 1872 non
658 1809 806 1890 intellego
828 1829 887 1872 cur
906 1809 1089 1893 Spaldingio
1111 1812 1270 1873 sententia

79 1933 159 1996 quae
184 1914 261 1978 inde
280 1916 422 1976 nascitur
443 1915 512 1976 visa
534 1915 575 1975 sit
598 1931 668 1974 essa
691 1913 788 1974 nimis
810 1915 934 1976 ieiuna:
968 1916 1063 1976 immo
1086 1912 1184 1994 proba
1208 1922 1267 1994 cst,

79 2019 104 2078 si
127 2017 207 2098 quid
229 2017 331 2094 video,
356 2026 387 2079 et
410 2016 456 2078 eis
479 2036 560 2098 quae
584 2026 676 2078 antea
692 2013 844 2079 dicuntur
863 2027 1062 2100 praeparate.
1109 2015 1167 2079 sed
1184 2016 1270 2078 locu-

78 2131 129 2182 tus
151 2131 199 2182 est
222 2105 349 2182 fortasse
372 2105 587 2193 Quintilianus
610 2121 768 2181 ornatius:
803 2137 876 2181 nam
902 2123 1074 2182 mutatione
1096 2121 1173 2182 satis
1195 2137 1271 2201 pro-

78 2221 175 2284 babili
199 2223 258 2284 hoc
275 2223 403 2285 efficere
426 2221 504 2284 mihi
527 2220 648 2302 videor,
670 2230 874 2306 prosequetur
895 2221 968 2286 boec
998 2225 1145 2284 memorio
1169 2224 1199 2284 in
1221 2241 1271 2284 sc·

78 2333 224 2389 nectutem
246 2333 274 2387 et
291 2327 435 2410 inpresso
458 2325 560 2386 animo
583 2323 659 2386 rodi
678 2343 774 2408 usqne
796 2325 838 2387 od
860 2327 982 2389 cineres
1001 2327 1147 2408 proficiet.

162 2427 319 2490 LXXXlll.
365 2427 580 2502 Quintilianus
601 2447 630 2488 m
654 2427 671 2490 3
698 2429 737 2488 60
764 2435 836 2490 suot
863 2429 1015 2509 maedam
1044 2431 1106 2491 visi
1132 2429 1267 2490 similia:

79 2531 158 2592 unde
193 2533 328 2593 Vatinius
357 2531 442 2592 dimit
468 2529 522 2592 ltoc
548 2530 660 2594 dictum
690 2549 758 2592 oum
785 2549 858 2592 reos
887 2539 993 2614 agente
1025 2531 1057 2592 ia
1086 2550 1153 2593 cam
1178 2531 1271 2594 Calvo

75 2631 208 2714 frenum
231 2633 357 2696 coadido
372 2633 501 2695 sudorio
517 2641 646 2718 torperet
668 2631 756 2715 idque
771 2635 871 2714 ipsum
887 2641 1048 2695 accusator
1071 2635 1104 2694 in
1120 2634 1272 2696 r'nvidiam

78 2743 212 2815 vocaret,
240 2737 389 2820 ‘qoomms
412 2753 485 2797 reus
507 2733 584 2798 sum'
606 2737 720 2816 inquit,
756 2736 795 2797 ‘ct
820 2741 979 2817 parentem
1007 2735 1170 2797 candidum
1193 2735 1271 2798 edo)

78 2839 173 2901 habet
204 2841 268 2901 uisi
292 2839 407 2902 similia
437 2836 520 2901 liber
548 2836 793 2917 Ambrosianus,
826 2837 883 2900 sed
912 2847 948 2900 nt
969 2855 984 2900 s
1008 2839 1041 2899 in
1063 2839 1127 2900 uisi
1146 2837 1187 2899 ab
1210 2838 1270 2900 alia

79 2931 181 3005 manu'
205 2944 238 3004 in
262 2960 368 3004 rasura
391 2943 544 3022 scriptum
567 2941 626 3020 sit,
659 2941 691 3002 in
716 2942 850 3021 reliquis
873 2951 920 3002 est
941 2940 1089 3003 sisimilio
1118 2943 1170 3003 vel
1193 2943 1332 3004 insi-⁴⁸⁸

83 3047 178 3108 milio.
229 3044 430 3108 haecomnia
453 3045 595 3124 intellegi
619 3041 911 3124 nequeunt,·quod
933 3053 1040 3106 autem
1063 3046 1095 3106 in
1119 3047 1273 3125 inpressis

80 3146 316 3229 exemplaribus
339 3146 414 3209 inde
437 3145 622 3208 factumest
644 3148 713 3208 veri
732 3147 850 3208 similia
871 3164 933 3208 non
949 3149 1051 3208 ausim
1076 3147 1205 3228 quidem
1223 3151 1272 3210 in-

79 3265 189 3333 eptum
213 3251 330 3330 dicere,
356 3250 442 3331 quod
466 3251 606 3313 Halmius
622 3249 706 3329 lecit,
732 3249 790 3311 scd
805 3269 867 3312 non
886 3253 963 3312 satis
979 3270 1048 3313 esse
1064 3253 1270 3333 perspicuum

82 3355 194 3417 fateor.
242 3353 325 3435 quod
349 3354 489 3416 llalmius
512 3354 579 3434 ipsc
602 3355 706 3435 posuit
729 3354 798 3415 vitii
820 3354 935 3416 similia
959 3353 1097 3434 probare
1119 3373 1181 3417 non
1198 3373 1272 3435 pos-

80 3477 162 3520 sum.
211 3460 424 3538 nequeenim
455 3459 487 3518 in
518 3454 602 3518 dicto
624 3457 758 3536 Vatinii,
793 3457 820 3518 si
842 3455 934 3518 modo
957 3460 1135 3538 scripturae
1160 3459 1271 3518 vitium

80 3562 218 3641 tollitur,
252 3562 422 3641 quicquam
451 3569 499 3621 est
527 3559 613 3638 vitii,
645 3577 752 3639 neque
782 3559 894 3621 vitiosa
929 3560 981 3620 hic
1010 3559 1270 3624 commemoranda

82 3675 186 3743 erant,
211 3662 268 3725 sed
290 3673 373 3724 certa
397 3663 520 3743 species
543 3660 698 3723 dictorum
717 3681 757 3723 cx
773 3662 867 3723 simili
884 3673 1094 3742 sumptorum,
1120 3661 1272 3742 quemad

83 3765 211 3828 modum
239 3775 271 3827 ει
299 3775 391 3827 antea
419 3773 451 3826 et
472 3774 580 3845 postea
608 3783 626 3826 a
651 3764 846 3836 Quintiliano
874 3763 1072 3827 factumest.
1120 3774 1273 3827 secuntur

82 3880 189 3930 autem
213 3868 301 3948 haec,
325 3867 424 3930 aatoc
445 3874 491 3930 cst
511 3865 651 3929 subtilior
674 3865 730 3928 illo
753 3885 795 3928 em
816 3867 913 3928 simili
927 3867 1089 3929 translatio
1111 3885 1178 3927 som
1193 3867 1272 3948 qnod

80 3974 111 4032 in
134 3972 203 4033 olio
226 3989 261 4032 rc
279 3973 351 4052 fieri
371 3971 446 4032 solet
467 3971 500 4030 io
522 3969 620 4032 oliam
636 3977 830 4030 mutuamur:
854 3967 941 4030 unde
963 3968 1098 4050 adparet
1113 3969 1194 4030 nihil
1215 3987 1273 4030 an-

81 4085 130 4136 tea
153 4076 369 4154 vituperatum
392 4091 472 4136 esse.
520 4090 582 4134 non
604 4073 691 4152 potui
714 4071 754 4135 de
777 4071 958 4152 depravatis
981 4072 1044 4134 illis
1066 4072 1182 4134 litteris
1196 4091 1272 4133 con-

81 4178 234 4240 iecturam
257 4193 370 4257 capere
393 4175 498 4257 paullo
514 4173 771 4256 probabiliorem.
819 4173 877 4236 sod
895 4172 981 4255 quod
997 4173 1114 4237 deinde
1130 4174 1270 4237 Halmius

82 4279 251 4360 adscripsit
275 4280 315 4340 ‘et
332 4287 493 4360 parentem
515 4275 607 4339 libri:
633 4285 661 4340 ot
679 4295 791 4357 paoem
814 4275 888 4339 edd.
914 4294 1016 4357 aeque
1039 4276 1158 4357 inepte’
1183 4275 1273 4338 lesti-

89 4383 176 4444 nanti
211 4380 343 4444 excidit:
378 4382 470 4444 aliter
498 4381 582 4442 enim
613 4380 822 4442 intellexisset
856 4380 1022 4441 verissima
1052 4379 1273 4441 emendatione

89 4485 208 4550 dictum
240 4486 363 4548 restitui
393 4483 523 4546 minime
553 4481 724 4546 inficetum.
777 4490 881 4562 potest
908 4491 1014 4544 autem
1044 4481 1273 4544 emendationis
