3152 5128
340 436 383 496 Dr
406 453 478 496 rnna
500 457 517 497 a
540 453 735 498 rmsoonrnvs
759 451 912 496 naorrrro.
1145 419 1219 492 273

57 626 91 686 las
110 634 152 686 est
172 624 286 685 omnia.
334 623 412 686 illud
435 632 557 686 eertum
581 642 651 686 esso
673 621 817 702 videtur,
842 616 977 708 πρωκτὸν
1002 617 1088 695 κυνός
1112 625 1144 686 in
1168 625 1220 686 illo

56 730 156 790 rantieo
177 727 273 790 fuisse
296 737 572 790 commemoratum
595 735 626 788 et
648 727 739 807 quasi
762 727 977 807 oonspiouum.

124 831 201 892 Satis
229 829 425 911 disputatum
453 849 522 892 esse
545 829 673 891 videtur
694 838 730 891 ut
753 830 958 910 intellegatur
977 825 1069 902 ποδὸς
1091 832 1219 892 nomine

56 953 104 994 non
130 943 253 1015 praeter
283 932 544 996 consuetudinem
574 932 764 995 Graecorum
796 931 858 994 dici
889 934 1029 1013 potuisse
1060 953 1173 997 versus
1202 954 1220 996 a

56 1037 245 1117 praeconibus
269 1037 302 1096 in
324 1035 410 1098 ludis
425 1037 551 1099 recitari
568 1037 674 1098 solitos
690 1039 716 1098 si
731 1029 804 1106 ποὺς
820 1036 852 1097 in
870 1037 915 1098 eis
931 1039 1099 1118 conspicua
1114 1037 1220 1118 aliqua

56 1143 155 1202 ratione
170 1139 416 1202 memorabatur.
451 1149 656 1202 memoratum
673 1149 778 1202 autem
796 1158 866 1201 esse
882 1138 997 1201 docent
1012 1159 1093 1221 quae
1108 1143 1220 1202 Moeris

55 1242 131 1306 hahet
151 1263 183 1325 p.
211 1243 269 1304 193
294 1243 449 1323 Bekkeri‚
475 1242 614 1329 βαλβῖδος
638 1243 669 1306 αἱ
691 1239 740 1306 ἐπὶ
761 1245 820 1305 τῶν
843 1236 979 1326 &pineolo
1005 1236 1106 1329 βάσεις
1128 1243 1243 1327 ipae·

54 1345 235 1431 χαρογμέναι,
261 1342 309 1418 αἶς
331 1345 488 1432 ἐπέβαινον
511 1345 540 1408 ol
562 1345 696 1430 δρομεῖς,
719 1339 760 1408 ἵν’
787 1345 818 1415 ἐξ
839 1340 905 1408 ἴσου
926 1342 1075 1410 ἵοταιντο·
1101 1342 1147 1410 διὸ
1170 1343 1221 1411 καὶ

56 1449 76 1510 οἱ
93 1444 210 1534 κήρυκες
232 1445 281 1511 ἐπὶ
302 1452 361 1512 τῶν
383 1441 548 1534 τρεχόντων
574 1447 720 1534 ιβαλβῖδα
740 1443 833 1521 ποδός
852 1447 921 1512 θέτε
935 1442 1014 1512 πόδα
1028 1443 1111 1535 παρὰ
1126 1445 1215 1513 πόδα’

56 1549 93 1614 καὶ
111 1555 158 1615 νῦν
176 1551 220 1616 ἔτι
236 1552 384 1636 λέγουσιν.
425 1553 512 1614 varia
528 1553 579 1614 hio
595 1553 766 1615 Salmasius
780 1553 899 1633 aliique
915 1552 988 1614 olim
1004 1562 1215 1635 temptarunt:

56 1655 99 1716 sed
117 1659 140 1719 si
163 1657 360 1718 intellexeris
383 1657 416 1717 in
440 1639 632 1736 praeconum
648 1656 757 1718 verbis
780 1654 908 1740 βαλβῖδο
929 1676 991 1718 non
1007 1646 1278 1737 praeductam'art

58 1760 81 1818 in
99 1761 154 1822 solo
176 1761 294 1821 lineam
317 1760 516 1840 significare,
541 1780 654 1823 verum
677 1779 746 1822 eam
770 1779 850 1840 quae
873 1779 1037 1822 cursorum
1060 1771 1146 1823 reoto
1168 1781 1220 1822 or-

57 1861 113 1924 dine
138 1865 377 1926 oonsistentium
407 1862 546 1944 pedibus
574 1862 686 1943 fiebat,
717 1863 795 1924 nihil
820 1863 1073 1926 iamobsourum
1097 1875 1221 1928 estant

57 1965 287 2029 emendationem
317 1967 463 2048 requirit.
510 1986 573 2029 non
603 1965 898 2029 animadverterunt
924 1976 1030 2030 autem
1052 1968 1114 2029 viri
1137 1967 1220 2031 dooti

57 2068 133 2131 rerba
153 2071 206 2132 illa

304 2170 434 2258 βαλβῖδα
454 2167 545 2243 ποδὸς
568 2171 637 2236 θέτο
658 2166 738 2236 πόδα
759 2167 841 2257 παρὰ
863 2164 942 2235 πόδα

59 2277 265 2356 anapaestioum
288 2275 460 2338 dimetrum
484 2295 564 2338 esse.
611 2275 697 2339 unde
721 2295 783 2338 non
806 2285 953 2357 putamus
970 2274 1111 2339 dubitari
1126 2297 1218 2359 posse

60 2380 118 2456 quin
144 2378 182 2442 od
207 2380 423 2460 anapaestioos
446 2380 516 2442 illos
539 2398 618 2461 quos
640 2389 731 2442 antea
754 2381 1066 2443 commemoravimus
1088 2399 1219 2461 praeeo-

59 2499 115 2542 nnn
135 2502 245 2545 versus
266 2482 492 2563 pertinuerint.
540 2493 611 2546 oum
629 2493 733 2546 autem
750 2482 863 2545 Graeci
879 2483 1004 2545 initium
1020 2484 1218 2565 quinquertii

60 2601 161 2666 semper
182 2587 293 2649 iecisse
316 2584 486 2650 videantur
508 2605 618 2667 eursu,
643 2586 684 2649 ad
707 2587 843 2668 primum
868 2585 952 2667 quod
976 2586 1009 2647 in
1025 2585 1109 2649 ludis
1125 2605 1220 2668 prae-

61 2705 134 2750 cones
154 2687 327 2751 rooitabant
348 2709 476 2752 oarmen
498 2691 691 2771 pertinuisse
714 2690 909 2753 censendum
932 2698 981 2751 est
996 2688 1220 2774 111α<1βαλβῖδα

60 2785 130 2862 ποδός
149 2791 214 2856 θέτε
235 2785 315 2856 πόδα
336 2787 419 2877 παρὰ
438 2786 530 2871 πόδα,
555 2813 691 2875 eumque
712 2787 802 2864 ποδός
824 2791 1012 2856 vocabulum
1035 2801 1084 2854 ter
1100 2791 1144 2853 ibi
1160 2812 1219 2854 au-

60 2892 129 2955 ribus
154 2897 364 2959 inouloaretur
386 2905 418 2958 et
440 2897 731 2960 vehementioribus
753 2898 914 2976 numeris,
948 2915 1011 2957 non
1034 2896 1150 2958 mirum
1170 2905 1218 2958 est

61 3006 84 3056 et
107 2997 167 3060 illos
189 3019 298 3063 versus
320 3009 352 3062 et
373 3000 500 3062 omnino
526 3019 718 3082 praeconum
739 3008 924 3080 anapaestos
946 2995 1125 3084 ἐναγωνίους
1148 3017 1217 3062 esse

60 3091 133 3172 πόδας
153 3101 257 3164 dictos.

127 3204 201 3268 lllud
222 3205 405 3268 addendum
428 3217 485 3286 est,
511 3207 626 3288 nequis
648 3215 737 3288 putet
753 3226 809 3268 nos
825 3206 995 3268 laureolam
1011 3205 1044 3266 in
1060 3213 1218 3268 mustaceo

63 3323 191 3382 quaerere
219 3319 271 3372 aut
294 3311 522 3391 suspicaciores
544 3309 648 3373 videri
671 3310 752 3372 velle
776 3310 906 3391 losepho
929 3309 1103 3389 Scaligero‚
1133 3311 1217 3370 lloe-

64 3407 124 3470 ridis
143 3411 275 3475 libellum
299 3413 332 3472 in
355 3413 469 3494 vulgus
492 3413 612 3477 editum
636 3433 706 3476 esse
726 3432 808 3476 anno
824 3421 988 3493 postquam
1006 3413 1059 3473 ille
1075 3421 1217 3474 mortuus

63 3523 114 3574 erat
133 3519 292 3579 eentesimo
313 3517 419 3580 tertio.
