3156 5132
537 408 707 470 Aninacrt.
1143 395 1216 469 333

39 602 100 656 sum
119 594 262 672 Liburni,
295 597 469 660 saevissimi
490 597 652 660 admodum
671 599 788 680 popuii,
814 606 922 662 contro
943 616 1016 680 quos
1039 607 1084 662 est
1104 602 1218 664 missus

39 699 158 760 limosus.
203 698 238 761 bi
258 708 359 762 ouum
382 699 419 762 ob
442 697 649 763 Amazonibus
672 703 819 784 oripiuem
841 701 965 782 dueum,
990 711 1025 764 ut
1046 705 1136 766 etiam
1154 705 1218 765 Ho-

37 805 124 863 ratius
145 802 228 878 dicit,
256 802 372 879 Quibus
391 823 454 866 mos
471 813 503 866 et
518 823 599 884 quae
615 815 779 868 secuntur.
827 806 981 868 Serviane
997 825 1068 869 cum
1084 807 1219 888 illyricis

36 903 235 968 Amazonibus
258 905 342 967 facili
363 927 459 988 opera
475 909 707 970 consociantur.
747 909 854 970 nescio
870 927 946 970 saue
962 919 1068 971 utrum
1086 911 1218 972 Servius

35 1025 68 1068 an
91 1009 260 1090 Porphyrio
282 1011 406 1072 veriora
430 1010 609 1092 protulerit,
636 1010 693 1072 sed
717 1010 796 1073 illud
816 1013 890 1091 scio,
917 1013 1079 1075 Horatium
1096 1013 1160 1074 illic
1176 1012 1216 1074 de

34 1109 235 1175 Amazonibus
258 1113 339 1174 nihil
361 1112 520 1176 dicturum
545 1113 644 1176 luisse
668 1116 730 1176 nisi
753 1114 932 1178 Vindelicos
955 1135 1027 1178 cum
1049 1115 1218 1178 Amazoni-

35 1213 86 1275 bus
112 1217 217 1296 aliqua
249 1214 355 1278 fabula
386 1215 564 1300 aliquodve}
585 1237 713 1280 carmen
737 1218 965 1280 coniunxisset.
1012 1229 1089 1301 puto
1111 1230 1218 1282 autem

36 1321 184 1398 egregium
216 1320 377 1382 hominem
400 1321 549 1382 loannem
572 1322 730 1383 Matthiam
755 1322 931 1385 Gesnerum
962 1324 1091 1404 egregie
1121 1323 1218 1385 intel-

36 1421 135 1482 lexisse
159 1422 239 1504 quid
257 1423 419 1487 Horatium
443 1433 479 1486 ut
501 1424 554 1486 illa
570 1426 703 1486 carmini
720 1443 777 1488 suo
793 1425 983 1488 admisceret
998 1429 1213 1507 permoverit:

36 1525 111 1584 cuius
138 1527 331 1589 sententiam
363 1547 434 1590 cum
458 1526 553 1589 hodie
577 1531 735 1590 contemni
758 1528 852 1590 video
875 1530 1017 1592 consolor
1040 1549 1090 1592 me
1113 1529 1218 1591 Godo·

36 1623 102 1687 lredi
126 1629 300 1691 Hermanni
331 1629 487 1709 adsensu,
519 1631 648 1712 quicum
676 1640 751 1693 ante
774 1633 888 1695 multos
910 1652 1010 1695 annos
1033 1631 1074 1694 de
1098 1635 1217 1695 Horatii

35 1731 157 1793 carmine
185 1733 227 1794 ita
250 1733 492 1813 interpretando
515 1734 661 1815 conloqui
685 1736 827 1824 memini.
876 1737 1003 1816 egregie
1027 1737 1123 1817 igitur
1139 1737 1216 1798 mihi

36 1830 148 1894 videtur
181 1833 345 1898 Gesnerus
375 1837 571 1900 intellexisse
602 1837 740 1900 morderi
771 1838 812 1900 ab
841 1840 967 1901 Horatio
989 1837 1216 1901 Amazonidem

35 1933 143 1997 Domitii
176 1940 282 2001 Marsi.
330 1959 426 2020 quam
456 1949 542 2003 recte
575 1941 673 2022 lyrico
702 1943 836 2004 carmini
867 1943 958 2005 cuius
987 1942 1138 2023 grandior
1168 1953 1217 2032 est

36 2039 150 2116 spiritus
182 2041 265 2104 alius
294 2053 405 2124 poetae
436 2045 675 2107 insectationem
707 2046 879 2108 inseruerit
901 2064 964 2108 non
988 2065 1125 2126 quaero,
1159 2045 1216 2108 sed

38 2140 94 2203 lecit
122 2143 204 2206 illud
227 2145 420 2209 Graecorum
449 2157 614 2227 poetarum
646 2148 809 2229 exemplo:
844 2149 884 2212 de
915 2167 977 2230 qua
1008 2168 1042 2210 re
1070 2150 1146 2212 satis
1169 2159 1218 2211 est

41 2263 267 2310 commemorare
284 2248 484 2312 Pindaricum
508 2250 587 2313 illud
610 2241 745 2336 ἄκραντα
758 2248 914 2335 γαρύετον.
956 2253 1097 2314 imitatur
1111 2260 1218 2314 autem

42 2346 154 2413 Graecos
178 2351 329 2415 omnihus
352 2352 465 2432 modis,
491 2354 591 2416 veluti
615 2356 792 2436 parmulam
815 2375 849 2417 se
866 2375 929 2418 non
946 2354 1030 2417 bene
1046 2355 1216 2434 reliquisse

40 2468 84 2512 non
106 2453 242 2518 dixisset
265 2456 327 2518 nisi
351 2475 471 2518 memor
494 2457 605 2519 luisset
621 2457 801 2520 Archilochi
823 2467 855 2520 et
869 2460 970 2539 magis
986 2461 1080 2520 etiam
1095 2456 1214 2520 Alcaei.

40 2553 91 2617 illos
112 2577 176 2620 non
199 2578 276 2622 curo
300 2561 355 2639 qui
379 2558 454 2622 dum
478 2559 646 2622 libidinem
666 2562 766 2641 magis
782 2580 877 2641 quam
894 2562 1049 2624 rationem
1065 2571 1217 2623 secuntur

39 2656 69 2717 ab
85 2661 207 2724 Horatio
231 2661 391 2743 quidquid
414 2665 492 2745 ipsis
515 2662 663 2744 displicet
685 2663 881 2727 abiudicant.
929 2662 1014 2746 quod
1036 2674 1142 2726 autem
1165 2665 1217 2724 vir

39 2762 148 2838 qnidam
173 2765 412 2828 eruditissimus
434 2767 562 2847 negavit
578 2787 618 2828 ex
633 2777 705 2829 noto
721 2767 871 2830 Martialis
887 2769 1113 2848 epigrammate
1129 2786 1159 2828 tv
1173 2769 1214 2828 29

40 2876 109 2928 recte
136 2868 284 2932 concludi
307 2868 532 2932 Amazonidum
557 2871 649 2931 Marsi
681 2873 807 2952 epicum
838 2889 965 2933 carmen
990 2868 1104 2950 luisse,
1139 2870 1215 2930 mih:

39 2969 152 3046 quidem
182 2991 302 3034 vanum
324 2971 454 3036 videtur
477 2972 562 3036 istud
585 2975 758 3037 oraculum.
804 2973 954 3036 Martialis
977 2975 1062 3034 enim
1086 2983 1122 3035 ut
1145 2991 1215 3034 rara

39 3069 132 3136 doceat
153 3078 292 3157 gratiora
315 3095 384 3138 esse
408 3076 466 3138 hoc
488 3078 590 3138 utitur
612 3078 776 3158 exemplo,
808 3077 932 3158 saepius
954 3079 987 3138 iu
1010 3075 1087 3138 libro
1110 3095 1217 3138 uume-

41 3183 115 3236 votur
138 3181 260 3242 Persius
283 3199 344 3242 uno
368 3181 466 3256 Οαααι
490 3181 566 3241 levis
589 3182 621 3242 im
644 3187 705 3242 tota
726 3183 853 3244 Morsus
869 3175 1067 3269 Amazonicis.
1108 3180 1215 3259 itaque

40 3283 151 3359 opponit
172 3285 227 3346 uni
253 3284 351 3346 Persii
376 3282 457 3344 libro
479 3281 697 3363 Amazonldis,
723 3285 807 3368 longi
832 3283 991 3364 carminis,
1017 3281 1116 3344 libros
1139 3303 1216 3344 ccu-

41 3380 147 3458 plures:
173 3387 269 3449 velim
293 3396 399 3449 autem
416 3386 499 3448 scire
515 3385 667 3466 quidnam
684 3384 851 3450 Amazonis
866 3385 1014 3467 pluribus
1031 3385 1123 3447 libris
1138 3405 1215 3448 con-

40 3486 138 3566 scipta
159 3490 301 3571 potuerit
316 3509 386 3552 esse
401 3489 488 3552 aliud
505 3509 599 3570 quam
617 3491 742 3570 epicum
758 3509 898 3554 carmen.
938 3488 1121 3552 concideret
1137 3508 1213 3550 vero

42 3584 182 3666 ingeniosa
198 3593 334 3656 Gesneri
357 3594 506 3674 opinioei
529 3603 614 3656 recte
630 3593 845 3676 Nipperdeius
862 3595 893 3656 in
910 3593 1008 3654 Taciti
1024 3590 1107 3653 Aun.
1126 3610 1155 3653 tt
1171 3590 1212 3652 tt

41 3687 243 3760 Amazonidem
261 3696 302 3758 ad
317 3696 446 3759 Vibium
462 3699 599 3760 Marsum
616 3696 765 3777 referret,
792 3716 888 3780 quem
904 3697 1029 3758 Tacitus
1045 3697 1212 3757 inlustrem

41 3795 136 3858 studiis
156 3799 251 3880 dicit,
277 3789 411 3881 poe'tam
433 3820 496 3862 non
520 3799 615 3862 dicit:
649 3808 739 3880 putat
762 3801 847 3861 enim
870 3798 1085 3881 Nipperdeius
1107 3799 1257 3865 Domi-tt

43 3895 121 3976 tium,
143 3904 263 3966 clarum
286 3912 421 3984 poetam,
446 3924 464 3965 a
487 3905 628 3966 Martiale
651 3923 714 3965 non
737 3905 878 3984 potuisse
902 3901 1109 3983 reprehendi.
1156 3901 1214 3964 sed

41 3998 156 4066 arbitror
183 4006 288 4068 levem
320 4015 443 4086 poetam
475 4017 503 4068 et
530 4008 766 4088 epigrammatis
789 4007 910 4068 clarum
932 4005 1024 4085 longo
1047 4015 1078 4067 et
1101 4023 1213 4067 severo

41 4107 158 4170 armine
186 4111 276 4190 epico
306 4109 509 4190 displicuisse
540 4119 776 4190 proptereaque
806 4109 882 4172 levis
916 4107 993 4170 illud
1025 4127 1042 4168 a
1073 4108 1214 4169 Martiale

42 4203 161 4272 additum
177 4232 258 4274 esse.
303 4232 416 4275 verum
433 4223 468 4274 ut
483 4211 523 4273 ad
540 4213 729 4275 Servianum
745 4212 885 4274 scholion
900 4211 1097 4291 Fabiumque
1113 4211 1214 4272 Picto-

45 4324 97 4368 rem
112 4314 244 4396 redeam,
264 4314 471 4378 memorabile
488 4325 535 4377 est
551 4335 567 4376 a
585 4317 685 4376 Plinio
700 4314 717 4398 ᾗ
731 4317 786 4377 ill
810 4318 893 4377 inter
908 4315 1082 4376 Delmatiae
1097 4311 1213 4393 oppida

44 4419 198 4479 enumerari
223 4420 332 4492 Siculi,
359 4421 389 4480 iu
413 4437 499 4501 quem
523 4419 619 4481 lomim
642 4419 733 4481 dicus
758 4419 906 4480 Claudius
928 4424 1087 4479 veteranos
1109 4417 1213 4477 misit:

45 4509 89 4573 boc
103 4521 190 4600 enim,
209 4523 316 4598 Siculi,
342 4525 472 4602 antiqua
491 4522 684 4603 exemplaria
702 4522 831 4602 habent,
850 4520 935 4602 quod
950 4522 1044 4600 vulgo
1061 4517 1214 4582 scribitur

86 4629 197 4688 iisnptti
211 4638 323 4691 opuscul·
338 4638 379 4680 111.
974 4641 1007 4692 22
