3156 5132
340 371 414 442 300
733 387 778 447 Ex
800 405 894 449 ιιιιικ
920 389 1129 450 uznoimam.
1171 437 1174 442 .

455 566 501 637 ὅτι
522 570 572 636 τὸν
595 571 674 638 οἶνον
697 572 815 638 πίνουσι
837 573 888 638 καί
912 571 1122 659 μεθύσκονται.

295 691 328 736 28
456 670 502 740 δτι
524 672 597 740 εἰσίν
620 669 712 741 άλλαι
736 673 838 762 μικραί
860 673 925 763 περὶ
947 673 1000 762 τὴν
1023 683 1078 763 γῆν
1100 685 1159 742 τῶν
1176 674 1332 764 Μακάρων
1347 671 1400 744 καίΙ
1422 677 1497 765 uuir}-
1559 751 1560 764 γ

392 779 456 852 iim
479 775 648 866 ἀνθρώποις
670 777 721 844 καί
742 780 881 844 πίνουσαι
903 777 998 866 ι’νσμήν
1021 779 1103 847 οἴνου
1118 783 1283 866 πέμπουσιν
1300 778 1341 856 ὡς
1356 775 1495 868 άνδρινπυι.

332 904 383 946 un
460 908 526 970 κεφ.
553 878 609 967 νγ’.
656 881 722 970 περὶ
744 880 946 970 κατῶβλεπος.
993 879 1039 949 ὅτι
1060 881 1077 949 ὃ
1099 885 1256 973 κατῶβλεψ
1282 887 1385 973 θηρίον
1406 885 1459 952 ἐστὶ

359 991 450 1073 υπδρ
473 987 587 1071 πέμπον
611 983 668 1052 ἀπὸ
691 993 750 1051 τῶν
773 991 862 1073 βινῶν
885 984 988 1055 αὖτοῦ.

455 1083 500 1155 ὅτι
529 1086 548 1175 ἡ
580 1085 777 1176 σαλάμανδρα
807 1087 848 1165 ῶς
877 1088 977 1179 σαάρα
998 1091 1060 1158 ἐστί
1081 1091 1132 1158 καί
1155 1095 1336 1180 διερχομένη
1358 1091 1389 1158 τὸ
1409 1099 1458 1179 πῖιρ

392 1189 482 1280 ψάχει
504 1190 555 1256 καί
578 1193 728 1279 σβέννυσιν
752 1191 836 1259 αὐτό.

332 1319 379 1360 nv
455 1320 525 1383 κεφ.
550 1292 606 1359 νδ’.
651 1293 717 1383 περί
747 1292 901 1386 κάστορος.
948 1294 994 1364 δτι
1023 1297 1081 1364 ἀπὸ
1109 1302 1161 1365 τοῦ
1185 1296 1320 1385 μεγάλην
1343 1299 1392 1365 καί
1412 1298 1499 1384 λευκὴν

391 1399 472 1486 ἔχειν
495 1401 626 1486 γαστέρα
648 1395 664 1464 ‘0
687 1397 805 1488 κάοτωρ
828 1403 947 1488 λέγεται
970 1399 1033 1468 ἀντί
1054 1408 1106 1468 τοῦ
1128 1400 1259 1490 γάστωρ.

342 1516 371 1565 iii
457 1497 502 1567 iu
525 1499 667 1590 ἀμφίβιόν
689 1507 752 1568 ἐστι
774 1503 825 1569 καί
847 1503 919 1592 παρ’
946 1499 1051 1603 βδααιν
1073 1503 1245 1593 ἐμφωλειίει
1266 1505 1318 1572 καί
1342 1506 1478 1593 διατρίβει.
1554 1509 1560 1528 “

454 1602 501 1672 δτι
524 1607 631 1691 μείζων
656 1605 829 1693 ίχνειίμυνάς
852 1611 926 1688 ἐστι,
950 1611 1012 1682 τοῖς
1035 1607 1067 1674 δὲ
1090 1607 1193 1675 ὀδοῦσι
1215 1607 1396 1698 καταβάλλει
1410 1607 1500 1692 τάμε-
1559 1607 1560 1614 ¹

388 1707 469 1797 γάλα
492 1712 600 1797 δένδρα
622 1707 674 1783 τὰς
698 1712 781 1796 ῥίζας
802 1707 938 1799 κάτωθεν
961 1713 1083 1776 ἑσδίων.

456 1809 501 1878 ’ὁτι
525 1809 577 1878 ἀπ’
604 1809 694 1878 αὐτοῦ
718 1809 893 1901 δφαίνονται
915 1811 1076 1902 καστόρεια
1100 1812 1214 1901 ἱμάτια.

455 1912 501 1982 δτι
521 1915 559 1981 τὰ
580 1913 727 2004 δρχίπεδα
751 1914 842 1983 αὐτοῦ
864 1921 944 1984 ποιεῖ
966 1921 1008 1992 εἰς
1030 1916 1193 2007 διαφόρους
1216 1920 1378 2006 θεραπείας
1399 1918 1444 1984 καί
1463 1915 1501 1981 διδ

341 2033 370 2082 15
393 2027 478 2086 τοῦτο
501 2017 681 2104 διωκόμενος
697 2016 752 2085 ίιπδ
775 2028 872 2087 κυνῶν
895 2023 946 2088 καί
969 2024 1084 2110 ἀνδρῶν
1108 2021 1158 2087 καί
1180 2019 1268 2096 είδῶς
1284 2020 1337 2109 τήν
1356 2023 1501 2092 αἰτίαντοῖς

392 2118 487 2197 ὄνυξιν
520 2119 659 2188 ἀποσπῶν
690 2121 766 2190 αὐτὰ
796 2125 889 2211 βίπτει
917 2125 968 2191 καί
998 2123 1163 2215 διαφεύγει.
1212 2128 1239 2191 εί
1269 2127 1303 2192 δὲ
1331 2129 1365 2192 ἐκ
1386 2128 1501 2210 δευτέρον

393 2229 512 2315 διωχίλῄ
538 2219 641 2315 άυρχις
665 2220 719 2306 ῶν,
744 2225 901 2294 άναπεσῶν
924 2230 1071 2295 δείκνυσιν
1093 2224 1139 2295 ὅτι
1161 2226 1215 2295 οὐκ
1237 2229 1316 2317 ἔχει.

455 2324 502 2396 δτι
515 2327 642 2404 πολλοδς
658 2329 793 2418 φωλεοδς
809 2335 986 2420 μετέρχεται
1001 2329 1184 2421 φοβούμενος
1198 2329 1253 2419 τήν
1269 2326 1383 2420 άίγρανΙΙ
1400 2327 1502 2418 άγρειίε-

392 2459 442 2499 ται
471 2433 504 2498 δὲ
533 2429 666 2521 νιίκτωρ·
699 2437 839 2522 φοβεῖται
867 2433 925 2523 γὰρ
952 2435 986 2502 τὸ
1015 2441 1072 2524 πῦρ
1096 2437 1147 2502 καὶ
1171 2437 1254 2522 μένει
1276 2434 1411 2522 ἀκίνητος
1432 2429 1503 2499 καὶδ

340 2551 372 2600 20
394 2535 542 2625 θηρευτὴς
572 2537 651 2625 ἔχων
681 2534 734 2624 τὴν
764 2537 909 2624 λαμπάδα
930 2541 1054 2626 πλησίον
1076 2541 1191 2628 γίνεται
1212 2539 1264 2605 καί
1287 2535 1380 2612 οὕτως
1402 2534 1504 2602 δύναται

393 2645 481 2708 ἑλεῖν.

456 2740 502 2811 δτι
530 2742 602 2834 παρ’
637 2739 726 2812 ι’ίδασι
756 2747 899 2833 διατρίβει
927 2743 942 2811 δ
973 2745 1093 2835 κάστωρ
1123 2745 1174 2812 καί
1201 2745 1234 2812 τὸ
1263 2748 1403 2834 σαδέριον
1429 2737 1504 2825 κοίη

394 2845 484 2921 λάταξ
506 2847 556 2914 καί
578 2845 597 2935 ἡ
621 2848 736 2936 ἐνυδρίς
758 2849 808 2913 καί
830 2847 864 2914 τὸ
888 2847 1033 2938 σαπήριον
1056 2852 1086 2923 ἐξ
1108 2844 1144 2916 οὗ
1165 2850 1298 2937 γίνονται
1319 2847 1356 2916 τά
1378 2845 1505 2934 σαπηρινά

393 2953 556 3037 ἐνδύματα.

348 3079 385 3120 ιν
461 3081 527 3143 κεφ.
555 3057 608 3122 κε’.
655 3055 723 3141 περί
746 3052 915 3142 βατράχων.
962 3052 1008 3122 ὅτι
1035 3054 1179 3131 πολλάκις
1208 3059 1243 3122 ἐκ
1272 3062 1371 3145 νεφῶν
1397 3057 1506 3142 γίνονται

414 3185 450 3224 ατ
471 3184 490 3223 α
513 3185 553 3224 υι.

395 3161 411 3248 β
452 3184 512 3328 pgr}
527 3263 633 3350 λίμνης
656 3263 851 3350 ξηρανθείσης
873 3259 1095 3348 ἀποθνήσκουσι
1110 3247 1260 3353 βάτραχοι
1273 3263 1326 3332 καί
1340 3261 1426 3331 πάλιν
1438 3267 1504 3345 τλη-

394 3368 516 3453 σδείσης
541 3363 703 3438 ἀναίῶαιν.

457 3466 503 3537 δτι
524 3469 667 3543 πολλάκις
693 3519 914 3534 .......
941 3467 1015 3556 μετὰ
1036 3464 1136 3559 ὄφεων
1159 3467 1198 3546 ὡς
1221 3470 1272 3537 καί
1294 3457 1503 3562 δχαμαιλείον.Ι

427 3756 453 3801 κ.
474 3751 609 3801 nicarum
635 3749 709 3800 nulia
733 3750 799 3800 mihi
818 3751 911 3799 notitia
931 3753 1051 3815 suppetit
1069 3753 1120 3802 nisi
1138 3751 1212 3817 quod
1230 3752 1304 3816 apud
1322 3751 1457 3817 corippum
1474 3749 1506 3796 lo-

296 3872 299 3877 -
341 3837 474 3887 hunnidos
493 3837 513 3886 ii
533 3841 566 3887 62
590 3836 641 3900 iogi
662 3835 831 3898 Μοοατειριια
852 3839 926 3900 vagi,
950 3839 994 3898 qm'
1015 3839 1144 3888 montibus
1165 3839 1226 3888 aitis
1244 3838 1359 3888 Horrida
1380 3835 1506 3900 prmpiis

340 3925 476 3986 densisque
492 3925 608 3986 mapaiia
626 3925 698 3974 silvis
719 3921 836 3974 obiectae
853 3925 966 3974 ουοαιικι
986 3927 1072 3976 securi
1089 3928 1163 3987 rupis
1181 3925 1216 3974 αα
1232 3926 1363 3976 umbram.
1429 3927 1450 3972 i.
1467 3935 1505 3970 πν-

341 4007 442 4080 ρίπνοος
460 4007 597 4080 κατῶβλεψ
621 4013 663 4060 esi
680 4009 751 4074 apud
771 4009 921 4060 Manassen]
943 4013 962 4061 il
977 4013 1018 4060 ³⁹.
1038 4010 1108 4061 coni.
1130 4013 1213 4062 Boiss.
1234 4012 1268 4062 ud
1287 4011 1400 4062 Pselium
1418 4022 1441 4074 p.
1458 4009 1503 4056 iii.

411 4101 435 4146 5.
456 4093 565 4165 πέμπων
582 4097 612 4146 Α.
703 4100 728 4145 fl.
749 4095 806 4145 λεί.
828 4097 905 4146 11³⁴.
996 4103 1020 4148 8.
1042 4093 1141 4166 μεγάλη
1160 4099 1190 4150 λ,
1281 4095 1503 4164 διμοιρίνσκν

340 4180 457 4250 κάστωρ·
474 4211 504 4219 -
518 4177 635 4251 σημαίνει
651 4180 694 4232 καί
706 4167 734 4233 τὸ
746 4180 819 4251 ζῷον,
840 4180 989 4252 καὶγίνεται
1002 4180 1070 4253 παρὰ
1083 4181 1112 4234 τδ
1123 4183 1228 4254 γαστὴρ,
1243 4181 1345 4256 γάοπωρ
1357 4181 1398 4235 καί
1409 4179 1503 4247 κτίστορ

342 4265 508 4340 ὑπογάστριον
532 4267 580 4339 γάρ
603 4267 632 4320 τδ
657 4266 722 4338 ζῷον
745 4265 789 4320 καὶ
814 4267 904 4340 σχεδδν
929 4265 989 4320 δλον
1013 4266 1106 4320 κοιλία.
1207 4276 1247 4323 ii.
1267 4270 1389 4342 καπύρια
1405 4271 1431 4320 λ.
1449 4261 1502 4315 coif-

341 4355 467 4405 Schneid.
489 4356 514 4405 in
534 4355 628 4406 lexico.
730 4358 791 4406 iis.
813 4353 854 4406 διὰ
870 4353 967 4406 τούτων
986 4357 1035 4430 λ.Ι
1118 4359 1179 4407 iis.
1199 4356 1271 4416 coni.
1291 4355 1415 4408 Schneid.
1433 4355 1454 4405 in
1469 4352 1501 4400 ir.

343 4441 409 4494 iiisi.
430 4454 474 4491 an.
496 4446 514 4491 i.
535 4443 568 4492 ili
587 4455 613 4507 ρ.
629 4445 705 4492 eois.
790 4447 834 4492 2³.
853 4440 898 4494 καὶ
915 4440 1019 4510 ἐνυδρὺς
1037 4444 1066 4492 Α.
1150 4445 1192 4492 2⁹.
1214 4447 1275 4507 posi
1287 4440 1411 4500 πολλάκις
1422 4443 1502 4504 sepiem

342 4525 397 4578 iere
411 4527 514 4576 litterae
528 4527 621 4594 dispici
637 4541 688 4578 non
703 4532 823 4593 possuni·
849 4543 904 4592 (ίιιο
917 4529 1030 4580 artificio
1044 4541 1123 4581 τουυε
1137 4541 1166 4578 ,τε
1179 4532 1273 4579 contra
1286 4529 1389 4594 hydms
1400 4524 1503 4579 Niloticos
