3156 5132
340 385 413 458 362
732 403 896 463 Eranam
923 403 1127 464 Bnnotrnnnsr.

335 608 367 650 v.
386 589 642 652 Marokscbeiielii
666 592 788 671 imgm.
814 591 886 652 Hes.
912 608 944 670 p.
963 589 1060 650 asts.
1092 588 1192 650 Eoeas
1214 605 1290 649 voro
1313 598 1423 650 constat
1437 582 1498 650 Ku-

334 686 465 775 τολόγοο
501 693 552 753 vel
583 685 763 775 Κατολόγοο
797 694 947 777 γυναικῶν
982 692 1109 754 nomine
1139 691 1266 772 saepius
1293 689 1498 772 conprehendi.

336 795 465 858 videtur
488 797 585 876 igitur
606 814 720 858 versus
742 806 796 858 aut
819 795 904 858 idem
920 795 1013 858 Eoeis
1035 813 1107 856 cum
1123 793 1262 876 Odyssea
1279 795 1501 856 communirent

336 899 446 960 saitem
471 899 583 960 similis
606 901 639 960 in
662 908 798 979 utmque
821 900 962 962 carmine
985 896 1096 960 inisse.

422 1003 529 1064 XXXI.
564 1003 680 1064 Vitium
711 1011 758 1064 est
788 1003 821 1062 in
852 1004 899 1064 eis
921 1019 1004 1083 quae
1026 1002 1060 1062 in
1082 1000 1301 1082 Xenophontis
1324 999 1504 1062 Commenta

336 1107 393 1168 riis
416 1123 425 1166 r
451 1105 463 1164 i
492 1105 525 1165 ii
560 1105 653 1186 vulgo
682 1105 843 1185 leguntur.
890 1097 988 1175 οὐδεὶς
1018 1099 1051 1166 δὲ
1080 1096 1200 1166 πώποτε
1230 1096 1403 1188 Σωκράτους
1428 1097 1505 1168 etate

336 1203 442 1293 ἀσεβὲς
464 1198 534 1272 οὔτε
555 1200 732 1293 πράττοντος
754 1203 833 1272 εἶδον
856 1197 924 1272 οὔτε
947 1205 1084 1291 λέγοντος
1105 1198 1245 1291 ἤκουσεν.
1291 1199 1362 1270 οὐδὲ
1382 1201 1434 1292 γὰρ
1447 1203 1506 1290 περὶ

334 1304 609 1396 cicrcumcisionis
632 1303 751 1395 φύσεως
773 1301 851 1395 irrep
872 1309 931 1374 τῶν
955 1300 1056 1373 ἄλλων
1079 1309 1262 1374 οἱπλεῖστοι
1284 1309 1428 1395 διελέγετο
1440 1332 1507 1373 me-

335 1417 399 1478 πῶν
428 1405 509 1486 ὅπως
531 1407 547 1477 ‘o
569 1407 755 1497 καλούμενος
784 1407 841 1478 ὑπὸ
869 1416 930 1476 τῶν
959 1416 1107 1499 σοφιστῶν
1136 1407 1247 1497 etiope:
1274 1411 1341 1498 ἔχει
1367 1409 1417 1476 uei
1441 1409 1506 1474 ricus

336 1512 482 1602 ἀνάγκαις
503 1516 616 1604 ἕκαστα
638 1514 751 1601 γίνεται
772 1519 831 1580 τῶν
854 1511 1019 1602 οὐρανίων,
1050 1509 1131 1582 ἀλλὰ
1151 1511 1204 1580 καὶ
1224 1510 1293 1588 νοὸς
1315 1514 1507 1602 φροντίζοντας

335 1615 373 1686 τὰ
401 1621 526 1685 τοιαῦτα
557 1617 759 1705 μωραίνοντας
788 1615 956 1686 desirium.
1010 1621 1174 1701 pertinent
1203 1620 1267 1684 huc
1294 1639 1376 1702 quae
1403 1619 1508 1682 Gellius

338 1727 424 1787 Noet.
450 1723 514 1787 me
533 1725 615 1786 ννν3
640 1722 735 1804 dicit,
759 1759 803 1770 -
825 1719 984 1805 Xenophon
1006 1725 1039 1784 in
1062 1721 1150 1786 libris
1171 1740 1245 1804 patos
1267 1722 1413 1786 dictonmr
1433 1730 1508 1804 upre

337 1827 487 1892 foetorum
510 1828 645 1890 Socratis
674 1829 902 1890 commentarios
925 1827 1089 1909 composuit
1109 1833 1200 1910 nepot
1221 1827 1369 1890 Socraten
1390 1826 1426 1888 de
1443 1825 1510 1888 eceli

337 1939 426 2012 aterne
453 1937 585 1994 noturm
613 1931 716 1994 coccis
745 1929 970 2011 rationibusque
990 1947 1133 2012 empnam
1155 1929 1339 2012 disputasse.
1384 1939 1416 1992 et
1435 1927 1507 2010 apud

338 2035 474 2097 Gellium
497 2031 628 2114 quidem
652 2044 737 2098 recte
759 2034 863 2096 omnia
878 2034 998 2114 prolata
1014 2043 1104 2096 sunt:
1131 2032 1216 2114 quod
1231 2031 1316 2114 apud
1332 2033 1508 2116 Xenophon-

339 2137 570 2218 contegimus,
594 2139 753 2200 Socratem
776 2137 816 2199 de
840 2154 946 2200 rerum
969 2145 1082 2199 natura
1105 2155 1167 2198 non
1190 2155 1227 2198 aa
1251 2137 1450 2217 rationeque
1463 2154 1507 2196 ce

338 2250 424 2304 teros
445 2240 615 2321 plerosque
639 2239 817 2320 disputasse
840 2258 902 2302 non
926 2239 1027 2320 potuit
1051 2249 1135 2302 reete
1159 2238 1242 2320 dici,
1273 2238 1331 2302 sed
1354 2237 1507 2302 dicendum

339 2351 409 2405 erat
430 2340 509 2408 iilud
532 2344 635 2426 ipsum
659 2341 744 2424 quod
767 2341 888 2406 Gellius
908 2343 1149 2424 Xenophontem
1173 2341 1294 2406 dixisse
1317 2349 1435 2422 narrat,
1457 2357 1508 2403 non

339 2445 519 2526 disputasse
547 2446 674 2510 omnino
701 2446 859 2510 Socratem
893 2444 933 2508 de
962 2463 1070 2508 rerum
1099 2455 1224 2510 natura.
1271 2448 1379 2528 itaque
1407 2447 1457 2527 qui
1484 2445 1507 2504 io
1568 2516 1569 2543 ρ

255 2607 259 2616 .
339 2551 386 2612 eis
415 2567 495 2630 quae
525 2548 611 2630 apud
634 2549 874 2630 Xenophontem
896 2549 1013 2630 scripta
1035 2557 1110 2612 sunt
1131 2548 1368 2630 adquieverunt
1390 2568 1451 2611 non
1471 2549 1507 2606 ri-

338 2651 458 2717 dentur
480 2663 643 2735 reputasse
666 2671 729 2734 quo
750 2650 936 2717 discrimine
958 2652 1043 2714 inter
1058 2672 1092 2714 se
1108 2651 1258 2715 differant
1271 2641 1351 2738 ἦτορ
1368 2661 1401 2714 et
1415 2644 1499 2733 ὥσπερ

340 2754 400 2818 init
422 2758 477 2837 qui
500 2756 558 2818 hoc
582 2764 755 2836 reputaret,
779 2753 840 2820 sed
861 2753 980 2818 diceret
995 2756 1154 2818 Socratem
1174 2754 1380 2818 abhorruisse
1396 2753 1507 2836 quiden
1567 2773 1568 2861 ρ

340 2858 381 2920 ab
410 2877 445 2922 ea
476 2859 598 2922 ratione
620 2877 684 2939 qua
706 2859 829 2940 physici
852 2858 1030 2940 philosophi
1052 2857 1093 2922 de
1116 2877 1223 2922 rerum
1246 2867 1360 2922 natura
1383 2857 1507 2939 dispute-

340 2961 434 3041 bant,
465 2981 575 3025 verum
600 2965 633 3024 in
656 2960 925 3043 disputationibus
946 2981 1027 3044 quae
1050 2961 1091 3024 ad
1113 2981 1217 3026 mores
1240 2963 1442 3044 pertinerent
1460 2977 1506 3022 non

341 3063 501 3146 defugisse
516 3084 589 3128 eum
605 3065 797 3128 naturalium
816 3083 924 3128 rerum
941 3067 1280 3144 commemorationem,
1299 3065 1355 3150 qui
1372 3062 1507 3127 nonsatis

341 3165 522 3249 perpendit,
539 3187 579 3230 ne
594 3169 656 3230 alia
671 3187 839 3250 opponam,
854 3168 933 3250 quid
952 3175 1037 3232 esset
1049 3163 1116 3255 napi
1129 3169 1182 3252 τῆς
1196 3171 1256 3232 τῶν
1271 3161 1392 3232 πάντων
1407 3161 1506 3255 picum

340 3269 546 3354 διαλέγεσθαι.
593 3273 816 3354 excripserunt
834 3272 1060 3354 Xenophontea
1077 3261 1245 3336 Eusebius
1258 3273 1370 3353 Praep.
1388 3286 1507 3350 suane-¹

341 3395 374 3455 p.
392 3374 432 3436 25
457 3384 488 3436 et
502 3395 539 3436 ιν
561 3394 593 3456 p.
612 3375 673 3435 853
697 3384 792 3455 atque
815 3373 954 3437 Isidorus
977 3375 1129 3438 Pelusiota
1151 3375 1211 3456 Bp.
1229 3394 1247 3436 ν
1263 3376 1338 3438 tou.
1362 3375 1446 3458 apud
1463 3371 1506 3436 ui

342 3477 453 3540 dorum
476 3477 629 3559 scriptum
653 3487 699 3540 est
722 3468 797 3562 ἅπερ
819 3478 878 3540 τῶν
901 3467 1002 3541 ἄλλων
1025 3475 1209 3542 οἱπλεῖστοι
1231 3475 1415 3562 διελέγοντο,
1439 3470 1506 3558 apud

341 3580 514 3644 Eusebium
544 3579 715 3662 utrobique
744 3573 764 3664 ἢ
787 3576 856 3664 tropi
884 3583 943 3644 τῶν
971 3569 1071 3644 ἄλλων
1094 3572 1136 3652 ὡς
1158 3579 1187 3643 ci
1207 3581 1342 3646 πλτῖντοι
1364 3579 1504 3662 διελέγετο,

342 3683 425 3763 quod
456 3684 599 3765 ineptum
628 3693 688 3746 est.
734 3693 802 3747 orta
831 3683 909 3746 hacc
937 3701 1008 3746 esse
1036 3692 1169 3765 possunt
1197 3702 1237 3746 ex
1266 3705 1304 3748 eo
1332 3683 1419 3768 quod
1439 3676 1505 3764 apud

340 3785 580 3868 Xenophontem
596 3805 682 3850 nunc
701 3787 826 3868 iegitur.
865 3788 960 3850 tuerit
977 3787 1073 3868 igitur
1087 3785 1282 3867 depravatio,
1308 3797 1345 3852 ut
1358 3787 1506 3852 multorum

340 3892 474 3954 aliorum
496 3908 578 3971 quae
602 3892 633 3953 in
658 3889 748 3952 libris
764 3891 980 3972 Xenophontis
1002 3890 1085 3952 male
1107 3890 1224 3970 scriptu
1246 3899 1333 3970 sunt,
1358 3891 1447 3954 vaide
1462 3905 1506 3948 an·
1563 3937 1564 3946 ,

342 3995 450 4074 tiqua:
482 3993 670 4074 corrigenda
698 4003 804 4056 tamen
827 4004 893 4074 est,
926 4004 958 4057 et
979 4001 1082 4074 potest
1104 3993 1218 4074 corrigi
1242 3991 1390 4056 iaciiiime
1413 3997 1505 4058 mutato

340 4089 430 4183 ἧιπορ
461 4098 493 4159 in
524 4087 628 4181 ἧσπερ.
676 4099 721 4160 sic
749 4097 852 4160 omnia
881 4098 1057 4160 rectissima
1080 4097 1170 4159 fiunt.
1216 4089 1288 4160 etet
1309 4091 1367 4182 γὰρ
1389 4089 1450 4184 napi
1466 4093 1504 4172 ri<

340 4203 400 4264 τῶν
422 4193 540 4265 πάντων
562 4193 681 4286 φύσεως
703 4192 797 4284 ἧσπερ
818 4202 877 4263 τῶν
900 4190 1000 4264 ἄλλων
1022 4198 1206 4264 οἱπλεῖστοι
1228 4197 1388 4284 διελέγττο.
1432 4197 1504 4262 artit-

342 4305 421 4368 sime
444 4304 647 4367 haecomnia
669 4304 854 4383 cohaerent,
888 4313 924 4365 ut
946 4303 1137 4388 praepositio
1160 4303 1193 4364 in
1217 4279 1349 4366 relaiiva
1372 4295 1502 4367 enuntiati

343 4417 433 4489 parte
457 4416 543 4470 recte
566 4409 704 4489 potuerit
725 4407 839 4469 omitti.
886 4415 1029 4470 ceterum
1051 4416 1106 4469 aut
1128 4406 1218 4468 fallor
1233 4416 1288 4468 aut
1303 4397 1500 4489 aliqnandode

343 4511 451 4573 verbis
473 4511 689 4591 Xenophontis
717 4511 863 4574 similiter
885 4508 1044 4592 disputata
1066 4509 1141 4591 legi.
1188 4507 1246 4572 sed
1269 4509 1384 4573 frustra
1408 4521 1499 4572 meno
