<?xml version="1.0" encoding="UTF-8"?>
<!DOCTYPE html PUBLIC "-//W3C//DTD XHTML 1.0 Transitional//EN"
    "http://www.w3.org/TR/xhtml1/DTD/xhtml1-transitional.dtd">
<html xmlns="http://www.w3.org/1999/xhtml" xml:lang="en" lang="en">
 <head>
  <title>
</title>
<meta http-equiv="Content-Type" content="text/html;charset=utf-8" />
  <meta name='ocr-system' content='tesseract 3.04.00' />
  <meta name='ocr-capabilities' content='ocr_page ocr_carea ocr_par ocr_line ocrx_word'/>
</head>
<body>
  <div class='ocr_page' id='page_1' title='image "./mavriciihavptii01haupgoog/mavriciihavptii01haupgoog_0651.png"; bbox 0 0 3252 5130; ppageno 0'>
   <div class='ocr_carea' id='block_1_1' title="bbox 327 365 1117 442">
    <p class='ocr_par' dir='ltr' id='par_1_1' title="bbox 327 365 1117 442">
     <span class='ocr_line' id='line_1_1' title="bbox 327 365 1117 442; baseline 0.001 -3"><span class='ocrx_word' id='word_1_1' title='bbox 327 365 402 439; x_wconf 81' lang='grc'><em>640</em></span> <span class='ocrx_word' id='word_1_2' title='bbox 724 381 769 441; x_wconf 78' lang='lat' dir='ltr'><em>Ex</em></span> <span class='ocrx_word' id='word_1_3' title='bbox 790 398 886 442; x_wconf 82' lang='grc' dir='ltr'>ιιιιιιιιι</span> <span class='ocrx_word' id='word_1_4' title='bbox 910 382 1117 442; x_wconf 76' lang='grc' dir='ltr'>Βιιιιοιιιιιιιιει.</span> 
     </span>
    </p>
   </div>
   <div class='ocr_carea' id='block_1_2' title="bbox 327 567 1517 2404">
    <p class='ocr_par' dir='ltr' id='par_1_2' title="bbox 327 567 1513 1165">
     <span class='ocr_line' id='line_1_2' title="bbox 331 567 1510 651; baseline -0.002 -19"><span class='ocrx_word' id='word_1_5' title='bbox 331 587 452 632; x_wconf 91' lang='lat' dir='ltr'><em>summa</em></span> <span class='ocrx_word' id='word_1_6' title='bbox 466 571 532 630; x_wconf 87' lang='lat' dir='ltr'><em>eius</em></span> <span class='ocrx_word' id='word_1_7' title='bbox 547 587 612 633; x_wconf 88' lang='lat' dir='ltr'><em>esse</em></span> <span class='ocrx_word' id='word_1_8' title='bbox 628 569 750 631; x_wconf 88' lang='lat' dir='ltr'><em>intentio</em></span> <span class='ocrx_word' id='word_1_9' title='bbox 766 587 822 650; x_wconf 80' lang='lat' dir='ltr'><em>qno</em></span> <span class='ocrx_word' id='word_1_10' title='bbox 836 570 934 650; x_wconf 82' lang='lat' dir='ltr'><em>possit</em></span> <span class='ocrx_word' id='word_1_11' title='bbox 947 587 1008 629; x_wconf 90' lang='lat' dir='ltr'><em>non</em></span> <span class='ocrx_word' id='word_1_12' title='bbox 1023 570 1124 631; x_wconf 89' lang='lat' dir='ltr'><em>minus</em></span> <span class='ocrx_word' id='word_1_13' title='bbox 1136 567 1275 630; x_wconf 78' lang='lat' dir='ltr'><strong><em>dulcibus</em></strong></span> <span class='ocrx_word' id='word_1_14' title='bbox 1287 569 1416 632; x_wconf 87' lang='lat' dir='ltr'><em>modulis</em></span> <span class='ocrx_word' id='word_1_15' title='bbox 1429 589 1510 651; x_wconf 72' lang='lat' dir='ltr'><em>mons</em></span> 
     </span>
     <span class='ocr_line' id='line_1_3' title="bbox 327 663 1509 755; baseline -0.002 -21"><span class='ocrx_word' id='word_1_16' title='bbox 327 671 396 755; x_wconf 79' lang='lat' dir='ltr'><em>fotu</em></span> <span class='ocrx_word' id='word_1_17' title='bbox 418 673 554 754; x_wconf 84' lang='lat' dir='ltr'><em>emporis</em></span> <span class='ocrx_word' id='word_1_18' title='bbox 577 674 720 734; x_wconf 85' lang='lat' dir='ltr'><em>animare</em></span> <span class='ocrx_word' id='word_1_19' title='bbox 735 663 799 733; x_wconf 67' lang='lat' dir='ltr'><em>&#39;ova</em></span> <span class='ocrx_word' id='word_1_20' title='bbox 821 691 899 754; x_wconf 87' lang='lat' dir='ltr'><em>quae</em></span> <span class='ocrx_word' id='word_1_21' title='bbox 917 670 1032 754; x_wconf 80' lang='lat' dir='ltr'><em>foreat.</em></span> <span class='ocrx_word' id='word_1_22' title='bbox 1079 671 1158 735; x_wconf 79' lang='lat' dir='ltr'><em>lanc</em></span> <span class='ocrx_word' id='word_1_23' title='bbox 1188 673 1306 734; x_wconf 87' lang='lat' dir='ltr'><em>imitata</em></span> <span class='ocrx_word' id='word_1_24' title='bbox 1329 671 1431 734; x_wconf 79' lang='lat' dir='ltr'><em>&#39;tennrs</em></span> <span class='ocrx_word' id='word_1_25' title='bbox 1460 673 1509 734; x_wconf 86' lang='lat' dir='ltr'><em>illo</em></span> 
     </span>
     <span class='ocr_line' id='line_1_4' title="bbox 332 773 1513 857; baseline -0.001 -20"><span class='ocrx_word' id='word_1_26' title='bbox 332 775 442 837; x_wconf 87' lang='lat' dir='ltr'><em>mulier</em></span> <span class='ocrx_word' id='word_1_27' title='bbox 452 775 506 836; x_wconf 89' lang='lat' dir='ltr'><em>sed</em></span> <span class='ocrx_word' id='word_1_28' title='bbox 518 775 635 857; x_wconf 90' lang='lat' dir='ltr'><em>pudica</em></span> <span class='ocrx_word' id='word_1_29' title='bbox 650 777 806 838; x_wconf 83' lang='lat' dir='ltr'><em>incussum</em></span> <span class='ocrx_word' id='word_1_30' title='bbox 823 775 920 837; x_wconf 90' lang='lat' dir='ltr'><em>molae</em></span> <span class='ocrx_word' id='word_1_31' title='bbox 930 775 1062 857; x_wconf 76' lang='lat' dir='ltr'><em>lapidem</em></span> <span class='ocrx_word' id='word_1_32' title='bbox 1077 773 1215 837; x_wconf 78' lang='lat' dir='ltr'><em>bracchio</em></span> <span class='ocrx_word' id='word_1_33' title='bbox 1231 774 1367 852; x_wconf 72' lang='lat' dir='ltr'><em>traheres,</em></span> <span class='ocrx_word' id='word_1_34' title='bbox 1384 779 1513 857; x_wconf 84' lang='lat' dir='ltr'><em>utpossit</em></span> 
     </span>
     <span class='ocr_line' id='line_1_5' title="bbox 334 877 1512 959; baseline -0.003 -19"><span class='ocrx_word' id='word_1_35' title='bbox 334 878 511 940; x_wconf 73' lang='lat' dir='ltr'><em>alimentum</em></span> <span class='ocrx_word' id='word_1_36' title='bbox 529 879 623 959; x_wconf 92' lang='lat' dir='ltr'><em>panis</em></span> <span class='ocrx_word' id='word_1_37' title='bbox 639 879 704 941; x_wconf 85' lang='lat' dir='ltr'><em>suis</em></span> <span class='ocrx_word' id='word_1_38' title='bbox 716 877 863 959; x_wconf 85' lang='lat' dir='ltr'><em>parvulis</em></span> <span class='ocrx_word' id='word_1_39' title='bbox 885 897 945 938; x_wconf 91' lang='lat' dir='ltr'><em>non</em></span> <span class='ocrx_word' id='word_1_40' title='bbox 968 877 1080 954; x_wconf 87' lang='lat' dir='ltr'><em>deesse,</em></span> <span class='ocrx_word' id='word_1_41' title='bbox 1105 885 1251 939; x_wconf 85' lang='lat' dir='ltr'><em>nocturno</em></span> <span class='ocrx_word' id='word_1_42' title='bbox 1268 885 1362 939; x_wconf 86' lang='lat' dir='ltr'><em>cantu</em></span> <span class='ocrx_word' id='word_1_43' title='bbox 1376 885 1512 940; x_wconf 87' lang='lat' dir='ltr'><em>moestum</em></span> 
     </span>
     <span class='ocr_line' id='line_1_6' title="bbox 329 979 1513 1062; baseline -0.001 -20"><span class='ocrx_word' id='word_1_44' title='bbox 329 981 527 1062; x_wconf 77' lang='lat' dir='ltr'><em>paupertatis</em></span> <span class='ocrx_word' id='word_1_45' title='bbox 549 981 658 1043; x_wconf 91' lang='lat' dir='ltr'><em>mulcet</em></span> <span class='ocrx_word' id='word_1_46' title='bbox 679 981 837 1062; x_wconf 73' lang='lat' dir='ltr'><em>affectum,</em></span> <span class='ocrx_word' id='word_1_47' title='bbox 870 988 898 1042; x_wconf 88' lang='lat' dir='ltr'><em>et</em></span> <span class='ocrx_word' id='word_1_48' title='bbox 926 983 1066 1062; x_wconf 86' lang='lat' dir='ltr'><em>quamvis</em></span> <span class='ocrx_word' id='word_1_49' title='bbox 1089 981 1270 1042; x_wconf 83' lang='lat' dir='ltr'><em>suavitatem</em></span> <span class='ocrx_word' id='word_1_50' title='bbox 1294 979 1440 1042; x_wconf 82' lang='lat' dir='ltr'><em>lusciniae</em></span> <span class='ocrx_word' id='word_1_51' title='bbox 1460 1001 1513 1041; x_wconf 88' lang='lat' dir='ltr'><em>non</em></span> 
     </span>
     <span class='ocr_line' id='line_1_7' title="bbox 330 1083 1317 1165; baseline -0.003 -21"><span class='ocrx_word' id='word_1_52' title='bbox 330 1083 428 1165; x_wconf 85' lang='lat' dir='ltr'><em>possit</em></span> <span class='ocrx_word' id='word_1_53' title='bbox 450 1083 578 1160; x_wconf 85' lang='lat' dir='ltr'><em>imitari,</em></span> <span class='ocrx_word' id='word_1_54' title='bbox 604 1083 744 1144; x_wconf 85' lang='lat' dir='ltr'><em>imitatur</em></span> <span class='ocrx_word' id='word_1_55' title='bbox 766 1089 866 1145; x_wconf 92' lang='lat' dir='ltr'><em>tamen</em></span> <span class='ocrx_word' id='word_1_56' title='bbox 889 1102 957 1145; x_wconf 91' lang='lat' dir='ltr'><em>eam</em></span> <span class='ocrx_word' id='word_1_57' title='bbox 979 1083 1139 1146; x_wconf 78' lang='lat' dir='ltr'><em>sedulitate</em></span> <span class='ocrx_word' id='word_1_58' title='bbox 1156 1085 1292 1164; x_wconf 86' lang='lat' dir='ltr'><em>pietatis.</em></span> <span class='ocrx_word' id='word_1_59' title='bbox 1315 1135 1317 1140; x_wconf 93' lang='lat'><em>.</em></span> 
     </span>
    </p>

    <p class='ocr_par' dir='ltr' id='par_1_3' title="bbox 332 1184 1517 2404">
     <span class='ocr_line' id='line_1_8' title="bbox 421 1184 1511 1268; baseline 0 -21"><span class='ocrx_word' id='word_1_60' title='bbox 421 1184 481 1247; x_wconf 85' lang='lat' dir='ltr'><em>CC.</em></span> <span class='ocrx_word' id='word_1_61' title='bbox 529 1184 822 1268; x_wconf 84' lang='lat' dir='ltr'><em>Pseudoxenophon</em></span> <span class='ocrx_word' id='word_1_62' title='bbox 846 1187 970 1248; x_wconf 90' lang='lat' dir='ltr'><em>loannis</em></span> <span class='ocrx_word' id='word_1_63' title='bbox 991 1187 1175 1248; x_wconf 85' lang='lat' dir='ltr'><em>Damasceni</em></span> <span class='ocrx_word' id='word_1_64' title='bbox 1198 1205 1252 1247; x_wconf 93' lang='grc' dir='ltr'>ιιιι</span> <span class='ocrx_word' id='word_1_65' title='bbox 1270 1187 1330 1248; x_wconf 70' lang='lat'><em>⁴28</em></span> <span class='ocrx_word' id='word_1_66' title='bbox 1351 1207 1384 1268; x_wconf 90' lang='lat' dir='ltr'><em>p.</em></span> <span class='ocrx_word' id='word_1_67' title='bbox 1404 1187 1461 1248; x_wconf 76' lang='lat'><em>225</em></span> <span class='ocrx_word' id='word_1_68' title='bbox 1475 1189 1511 1248; x_wconf 87' lang='lat' dir='ltr'><em>n.</em></span> 
     </span>
     <span class='ocr_line' id='line_1_9' title="bbox 333 1275 1514 1374; baseline -0.001 -23"><span class='ocrx_word' id='word_1_69' title='bbox 333 1282 430 1373; x_wconf 74' lang='grc' dir='ltr'>τροφὴ</span> <span class='ocrx_word' id='word_1_70' title='bbox 454 1283 507 1371; x_wconf 73' lang='grc' dir='ltr'><em>μὲν</em></span> <span class='ocrx_word' id='word_1_71' title='bbox 530 1275 582 1351; x_wconf 78' lang='grc' dir='ltr'><em>οὖν</em></span> <span class='ocrx_word' id='word_1_72' title='bbox 605 1283 682 1350; x_wconf 82' lang='grc' dir='ltr'>ἔστω</span> <span class='ocrx_word' id='word_1_73' title='bbox 706 1281 842 1371; x_wconf 79' lang='grc' dir='ltr'>σώματος</span> <span class='ocrx_word' id='word_1_74' title='bbox 863 1281 941 1373; x_wconf 81' lang='grc' dir='ltr'><strong>ἥπερ</strong></span> <span class='ocrx_word' id='word_1_75' title='bbox 964 1288 994 1351; x_wconf 82' lang='grc' dir='ltr'><em>ἐν</em></span> <span class='ocrx_word' id='word_1_76' title='bbox 1018 1275 1160 1366; x_wconf 20' lang='grc' dir='ltr'>Λλάκωσι,</span> <span class='ocrx_word' id='word_1_77' title='bbox 1192 1289 1291 1374; x_wconf 73' lang='grc' dir='ltr'>ψυχῆς</span> <span class='ocrx_word' id='word_1_78' title='bbox 1317 1286 1351 1351; x_wconf 84' lang='grc' dir='ltr'><em>δὲ</em></span> <span class='ocrx_word' id='word_1_79' title='bbox 1378 1288 1447 1360; x_wconf 81' lang='grc' dir='ltr'>νέας</span> <span class='ocrx_word' id='word_1_80' title='bbox 1466 1287 1514 1352; x_wconf 79' lang='grc' dir='ltr'><em>καὶ</em></span> 
     </span>
     <span class='ocr_line' id='line_1_10' title="bbox 333 1382 1515 1478; baseline 0.001 -23"><span class='ocrx_word' id='word_1_81' title='bbox 333 1387 494 1476; x_wconf 80' lang='grc' dir='ltr'>ἀρτιφοοῖις</span> <span class='ocrx_word' id='word_1_82' title='bbox 516 1384 603 1474; x_wconf 80' lang='grc' dir='ltr'>λόγοι</span> <span class='ocrx_word' id='word_1_83' title='bbox 625 1382 707 1474; x_wconf 78' lang='grc' dir='ltr'>ᾠδὰς</span> <span class='ocrx_word' id='word_1_84' title='bbox 728 1388 849 1477; x_wconf 82' lang='grc' dir='ltr'><em>ἔχοντες</em></span> <span class='ocrx_word' id='word_1_85' title='bbox 871 1387 989 1478; x_wconf 80' lang='grc' dir='ltr'>ἀνδρῶν</span> <span class='ocrx_word' id='word_1_86' title='bbox 1012 1385 1061 1454; x_wconf 82' lang='grc' dir='ltr'><em>ἐπ’</em></span> <span class='ocrx_word' id='word_1_87' title='bbox 1089 1386 1181 1476; x_wconf 78' lang='grc' dir='ltr'>ἀρετῇ</span> <span class='ocrx_word' id='word_1_88' title='bbox 1196 1386 1246 1454; x_wconf 82' lang='grc' dir='ltr'><em>τὸν</em></span> <span class='ocrx_word' id='word_1_89' title='bbox 1262 1389 1326 1476; x_wconf 83' lang='grc' dir='ltr'><em>βίον</em></span> <span class='ocrx_word' id='word_1_90' title='bbox 1343 1387 1515 1477; x_wconf 78' lang='grc' dir='ltr'>διενηνοχό-</span> 
     </span>
     <span class='ocr_line' id='line_1_11' title="bbox 332 1485 1512 1581; baseline 0 -24"><span class='ocrx_word' id='word_1_91' title='bbox 332 1516 403 1572; x_wconf 82' lang='grc' dir='ltr'>των,</span> <span class='ocrx_word' id='word_1_92' title='bbox 427 1485 546 1556; x_wconf 72' lang='grc' dir='ltr'>παιδιαὶ</span> <span class='ocrx_word' id='word_1_93' title='bbox 568 1489 602 1556; x_wconf 82' lang='grc' dir='ltr'><em>δὲ</em></span> <span class='ocrx_word' id='word_1_94' title='bbox 624 1485 644 1577; x_wconf 79' lang='grc' dir='ltr'>ἢ</span> <span class='ocrx_word' id='word_1_95' title='bbox 668 1492 759 1577; x_wconf 68' lang='lat' dir='ltr'><em>pistor</em></span> <span class='ocrx_word' id='word_1_96' title='bbox 779 1497 878 1578; x_wconf 77' lang='grc' dir='ltr'>γραῶν</span> <span class='ocrx_word' id='word_1_97' title='bbox 902 1490 1100 1580; x_wconf 75' lang='grc' dir='ltr'>ἐμβάλλοντες</span> <span class='ocrx_word' id='word_1_98' title='bbox 1118 1489 1260 1581; x_wconf 80' lang='grc' dir='ltr'>φρόνημα</span> <span class='ocrx_word' id='word_1_99' title='bbox 1281 1488 1419 1558; x_wconf 81' lang='grc' dir='ltr'><em>ταπεινὸν</em></span> <span class='ocrx_word' id='word_1_100' title='bbox 1442 1490 1512 1557; x_wconf 77' lang='grc' dir='ltr'><strong>ἀπί-</strong></span> 
     </span>
     <span class='ocr_line' id='line_1_12' title="bbox 332 1589 1517 1684; baseline 0.001 -24"><span class='ocrx_word' id='word_1_101' title='bbox 332 1615 450 1660; x_wconf 86' lang='grc' dir='ltr'>τωσαν·</span> <span class='ocrx_word' id='word_1_102' title='bbox 474 1590 508 1660; x_wconf 79' lang='grc' dir='ltr'><em>τὸ</em></span> <span class='ocrx_word' id='word_1_103' title='bbox 531 1592 564 1658; x_wconf 81' lang='grc' dir='ltr'><em>δὲ</em></span> <span class='ocrx_word' id='word_1_104' title='bbox 585 1595 675 1660; x_wconf 81' lang='grc' dir='ltr'>πλέον</span> <span class='ocrx_word' id='word_1_105' title='bbox 698 1593 776 1659; x_wconf 79' lang='grc' dir='ltr'>ἔστιν</span> <span class='ocrx_word' id='word_1_106' title='bbox 797 1596 829 1659; x_wconf 79' lang='grc' dir='ltr'><em>ἐν</em></span> <span class='ocrx_word' id='word_1_107' title='bbox 853 1591 979 1681; x_wconf 78' lang='grc' dir='ltr'><em>ἀνδράσι</em></span> <span class='ocrx_word' id='word_1_108' title='bbox 1001 1592 1165 1682; x_wconf 79' lang='grc' dir='ltr'>σώφροσιν,</span> <span class='ocrx_word' id='word_1_109' title='bbox 1193 1596 1269 1661; x_wconf 77' lang='grc' dir='ltr'>ἔνθα</span> <span class='ocrx_word' id='word_1_110' title='bbox 1296 1591 1390 1681; x_wconf 71' lang='grc' dir='ltr'>ὅμοια</span> <span class='ocrx_word' id='word_1_111' title='bbox 1417 1589 1517 1684; x_wconf 73' lang='grc' dir='ltr'>ὄψεται</span> 
     </span>
     <span class='ocr_line' id='line_1_13' title="bbox 332 1692 1514 1781; baseline -0.002 -17"><span class='ocrx_word' id='word_1_112' title='bbox 332 1696 385 1764; x_wconf 79' lang='lat' dir='ltr'><em>iao</em></span> <span class='ocrx_word' id='word_1_113' title='bbox 406 1722 438 1763; x_wconf 81' lang='grc' dir='ltr'><em>το</em></span> <span class='ocrx_word' id='word_1_114' title='bbox 460 1692 631 1762; x_wconf 73' lang='grc' dir='ltr'>ἀκούσεται.</span> <span class='ocrx_word' id='word_1_115' title='bbox 678 1699 832 1781; x_wconf 86' lang='lat' dir='ltr'><em>pleraque</em></span> <span class='ocrx_word' id='word_1_116' title='bbox 847 1701 1024 1763; x_wconf 83' lang='lat' dir='ltr'><em>Meinekius</em></span> <span class='ocrx_word' id='word_1_117' title='bbox 1046 1699 1130 1763; x_wconf 86' lang='lat' dir='ltr'><em>bene</em></span> <span class='ocrx_word' id='word_1_118' title='bbox 1145 1700 1397 1763; x_wconf 89' lang='lat' dir='ltr'><em>administravit:</em></span> <span class='ocrx_word' id='word_1_119' title='bbox 1423 1703 1514 1764; x_wconf 82' lang='lat' dir='ltr'><em>veluti</em></span> 
     </span>
     <span class='ocr_line' id='line_1_14' title="bbox 334 1795 1513 1889; baseline 0 -24"><span class='ocrx_word' id='word_1_120' title='bbox 334 1804 499 1885; x_wconf 77' lang='lat' dir='ltr'><em>egregium</em></span> <span class='ocrx_word' id='word_1_121' title='bbox 522 1811 571 1863; x_wconf 83' lang='lat' dir='ltr'><em>est</em></span> <span class='ocrx_word' id='word_1_122' title='bbox 593 1795 825 1882; x_wconf 64' lang='lat' dir='ltr'><em>quoditiano</em></span> <span class='ocrx_word' id='word_1_123' title='bbox 853 1802 927 1866; x_wconf 79' lang='lat' dir='ltr'><em>iecit</em></span> <span class='ocrx_word' id='word_1_124' title='bbox 949 1823 989 1866; x_wconf 85' lang='lat' dir='ltr'><em>ex</em></span> <span class='ocrx_word' id='word_1_125' title='bbox 1019 1797 1123 1889; x_wconf 78' lang='grc' dir='ltr'>λα’κιιῳ</span> <span class='ocrx_word' id='word_1_126' title='bbox 1145 1814 1177 1866; x_wconf 88' lang='lat' dir='ltr'><em>et</em></span> <span class='ocrx_word' id='word_1_127' title='bbox 1197 1807 1299 1888; x_wconf 72' lang='lat' dir='ltr'><em>pposito</em></span> <span class='ocrx_word' id='word_1_128' title='bbox 1322 1825 1363 1866; x_wconf 84' lang='lat' dir='ltr'><em>ex</em></span> <span class='ocrx_word' id='word_1_129' title='bbox 1384 1799 1513 1889; x_wconf 78' lang='grc' dir='ltr'>γράφων.</span> 
     </span>
     <span class='ocr_line' id='line_1_15' title="bbox 333 1897 1513 1990; baseline 0 -22"><span class='ocrx_word' id='word_1_130' title='bbox 333 1904 391 1969; x_wconf 90' lang='lat' dir='ltr'><em>sed</em></span> <span class='ocrx_word' id='word_1_131' title='bbox 413 1924 485 1968; x_wconf 87' lang='lat' dir='ltr'><em>aum</em></span> <span class='ocrx_word' id='word_1_132' title='bbox 507 1897 588 1990; x_wconf 81' lang='grc' dir='ltr'>ᾠδάς</span> <span class='ocrx_word' id='word_1_133' title='bbox 610 1905 738 1987; x_wconf 79' lang='lat' dir='ltr'><em>scripsit</em></span> <span class='ocrx_word' id='word_1_134' title='bbox 758 1904 816 1968; x_wconf 91' lang='lat' dir='ltr'><em>ubi</em></span> <span class='ocrx_word' id='word_1_135' title='bbox 839 1907 872 1968; x_wconf 91' lang='lat' dir='ltr'><em>in</em></span> <span class='ocrx_word' id='word_1_136' title='bbox 888 1905 970 1968; x_wconf 92' lang='lat' dir='ltr'><em>libro</em></span> <span class='ocrx_word' id='word_1_137' title='bbox 985 1908 1163 1969; x_wconf 86' lang='lat' dir='ltr'><em>Florentino</em></span> <span class='ocrx_word' id='word_1_138' title='bbox 1178 1900 1251 1978; x_wconf 66' lang='lat' dir='ltr'><em>tot&lt;</em></span> <span class='ocrx_word' id='word_1_139' title='bbox 1266 1918 1325 1986; x_wconf 86' lang='lat' dir='ltr'><em>est,</em></span> <span class='ocrx_word' id='word_1_140' title='bbox 1353 1905 1433 1987; x_wconf 78' lang='lat' dir='ltr'><em>fugit</em></span> <span class='ocrx_word' id='word_1_141' title='bbox 1447 1927 1513 1969; x_wconf 89' lang='lat' dir='ltr'><em>eum</em></span> 
     </span>
     <span class='ocr_line' id='line_1_16' title="bbox 334 2009 1515 2091; baseline 0.001 -21"><span class='ocrx_word' id='word_1_142' title='bbox 334 2011 430 2071; x_wconf 89' lang='lat' dir='ltr'><em>ratio:</em></span> <span class='ocrx_word' id='word_1_143' title='bbox 464 2009 568 2070; x_wconf 81' lang='lat' dir='ltr'><em>effecit</em></span> <span class='ocrx_word' id='word_1_144' title='bbox 597 2009 682 2070; x_wconf 88' lang='lat' dir='ltr'><em>enim</em></span> <span class='ocrx_word' id='word_1_145' title='bbox 711 2011 900 2070; x_wconf 89' lang='lat' dir='ltr'><em>sententiam</em></span> <span class='ocrx_word' id='word_1_146' title='bbox 930 2019 985 2071; x_wconf 90' lang='lat' dir='ltr'><em>ant</em></span> <span class='ocrx_word' id='word_1_147' title='bbox 1012 2010 1133 2072; x_wconf 84' lang='lat' dir='ltr'><em>nullam</em></span> <span class='ocrx_word' id='word_1_148' title='bbox 1161 2019 1215 2072; x_wconf 86' lang='lat' dir='ltr'><em>aut</em></span> <span class='ocrx_word' id='word_1_149' title='bbox 1238 2011 1391 2090; x_wconf 85' lang='lat' dir='ltr'><em>ineptam.</em></span> <span class='ocrx_word' id='word_1_150' title='bbox 1437 2009 1515 2091; x_wconf 89' lang='lat' dir='ltr'><em>qnod</em></span> 
     </span>
     <span class='ocr_line' id='line_1_17' title="bbox 334 2111 1509 2203; baseline -0.003 -29"><span class='ocrx_word' id='word_1_151' title='bbox 334 2131 411 2194; x_wconf 84' lang='lat' dir='ltr'><em>paee</em></span> <span class='ocrx_word' id='word_1_152' title='bbox 435 2111 555 2196; x_wconf 86' lang='lat' dir='ltr'><em>dictum</em></span> <span class='ocrx_word' id='word_1_153' title='bbox 583 2111 625 2171; x_wconf 89' lang='lat' dir='ltr'><em>sit</em></span> <span class='ocrx_word' id='word_1_154' title='bbox 653 2111 747 2173; x_wconf 87' lang='lat' dir='ltr'><em>etiam</em></span> <span class='ocrx_word' id='word_1_155' title='bbox 771 2112 942 2192; x_wconf 84' lang='lat' dir='ltr'><em>Heroheri,</em></span> <span class='ocrx_word' id='word_1_156' title='bbox 975 2113 1031 2193; x_wconf 91' lang='lat' dir='ltr'><em>qui</em></span> <span class='ocrx_word' id='word_1_157' title='bbox 1061 2113 1093 2174; x_wconf 89' lang='lat' dir='ltr'><em>in</em></span> <span class='ocrx_word' id='word_1_158' title='bbox 1116 2111 1387 2203; x_wconf 69' lang='lat' dir='ltr'><em>Epistolographis</em></span> <span class='ocrx_word' id='word_1_159' title='bbox 1409 2133 1439 2194; x_wconf 94' lang='lat' dir='ltr'><em>p.</em></span> <span class='ocrx_word' id='word_1_160' title='bbox 1458 2113 1509 2173; x_wconf 79' lang='lat' dir='ltr'><em>tet</em></span> 
     </span>
     <span class='ocr_line' id='line_1_18' title="bbox 335 2207 1515 2299; baseline 0 -23"><span class='ocrx_word' id='word_1_161' title='bbox 335 2207 416 2299; x_wconf 77' lang='grc' dir='ltr'>ᾠδάς</span> <span class='ocrx_word' id='word_1_162' title='bbox 438 2213 583 2292; x_wconf 82' lang='lat' dir='ltr'><em>admisit,</em></span> <span class='ocrx_word' id='word_1_163' title='bbox 614 2211 734 2294; x_wconf 77' lang='lat' dir='ltr'><em>iessuS,</em></span> <span class='ocrx_word' id='word_1_164' title='bbox 760 2225 852 2294; x_wconf 91' lang='lat' dir='ltr'><em>puto,</em></span> <span class='ocrx_word' id='word_1_165' title='bbox 885 2211 980 2295; x_wconf 87' lang='lat' dir='ltr'><em>opere</em></span> <span class='ocrx_word' id='word_1_166' title='bbox 1004 2215 1096 2296; x_wconf 78' lang='lat' dir='ltr'><em>longo</em></span> <span class='ocrx_word' id='word_1_167' title='bbox 1120 2225 1151 2276; x_wconf 90' lang='lat' dir='ltr'><em>et</em></span> <span class='ocrx_word' id='word_1_168' title='bbox 1173 2215 1323 2294; x_wconf 89' lang='lat' dir='ltr'><em>molesto,</em></span> <span class='ocrx_word' id='word_1_169' title='bbox 1352 2235 1416 2278; x_wconf 91' lang='lat' dir='ltr'><em>non</em></span> <span class='ocrx_word' id='word_1_170' title='bbox 1438 2214 1515 2296; x_wconf 89' lang='lat' dir='ltr'><em>quod</em></span> 
     </span>
     <span class='ocr_line' id='line_1_19' title="bbox 336 2307 1516 2404; baseline 0.001 -26"><span class='ocrx_word' id='word_1_171' title='bbox 336 2307 455 2380; x_wconf 79' lang='lat' dir='ltr'><em>iudicio</em></span> <span class='ocrx_word' id='word_1_172' title='bbox 478 2313 557 2377; x_wconf 89' lang='lat' dir='ltr'><em>illud</em></span> <span class='ocrx_word' id='word_1_173' title='bbox 572 2314 778 2396; x_wconf 85' lang='lat' dir='ltr'><em>adprobabat.</em></span> <span class='ocrx_word' id='word_1_174' title='bbox 825 2317 974 2397; x_wconf 87' lang='lat' dir='ltr'><em>equidem</em></span> <span class='ocrx_word' id='word_1_175' title='bbox 990 2319 1173 2400; x_wconf 83' lang='lat' dir='ltr'><em>scripserim</em></span> <span class='ocrx_word' id='word_1_176' title='bbox 1196 2310 1282 2400; x_wconf 73' lang='grc' dir='ltr'>λόγοι</span> <span class='ocrx_word' id='word_1_177' title='bbox 1296 2309 1373 2389; x_wconf 80' lang='grc' dir='ltr'>ἅλας</span> <span class='ocrx_word' id='word_1_178' title='bbox 1390 2316 1516 2404; x_wconf 81' lang='grc' dir='ltr'><em>ἔχοντες.</em></span> 
     </span>
    </p>
   </div>
   <div class='ocr_carea' id='block_1_3' title="bbox 335 2418 1615 2502">
    <p class='ocr_par' dir='ltr' id='par_1_4' title="bbox 335 2418 1615 2502">
     <span class='ocr_line' id='line_1_20' title="bbox 335 2418 1615 2502; baseline 0.002 -22"><span class='ocrx_word' id='word_1_179' title='bbox 335 2418 421 2500; x_wconf 89' lang='lat' dir='ltr'><em>quod</em></span> <span class='ocrx_word' id='word_1_180' title='bbox 442 2419 554 2481; x_wconf 86' lang='lat' dir='ltr'><em>tritum</em></span> <span class='ocrx_word' id='word_1_181' title='bbox 582 2428 651 2480; x_wconf 87' lang='lat' dir='ltr'><em>erat</em></span> <span class='ocrx_word' id='word_1_182' title='bbox 672 2420 789 2480; x_wconf 88' lang='lat' dir='ltr'><em>Latinis</em></span> <span class='ocrx_word' id='word_1_183' title='bbox 817 2429 853 2481; x_wconf 92' lang='lat' dir='ltr'><em>ut</em></span> <span class='ocrx_word' id='word_1_184' title='bbox 880 2421 962 2481; x_wconf 87' lang='lat' dir='ltr'><em>sales</em></span> <span class='ocrx_word' id='word_1_185' title='bbox 993 2420 1138 2483; x_wconf 85' lang='lat' dir='ltr'><em>dicerent</em></span> <span class='ocrx_word' id='word_1_186' title='bbox 1165 2421 1290 2502; x_wconf 89' lang='lat' dir='ltr'><em>lepores</em></span> <span class='ocrx_word' id='word_1_187' title='bbox 1313 2440 1385 2482; x_wconf 88' lang='lat' dir='ltr'><em>raro</em></span> <span class='ocrx_word' id='word_1_188' title='bbox 1409 2421 1517 2484; x_wconf 83' lang='lat' dir='ltr'><em>factum</em></span> <span class='ocrx_word' id='word_1_189' title='bbox 1614 2449 1615 2460; x_wconf 45' lang='grc' dir='ltr'>ι</span> 
     </span>
    </p>
   </div>
   <div class='ocr_carea' id='block_1_4' title="bbox 335 2520 1520 2706">
    <p class='ocr_par' dir='ltr' id='par_1_5' title="bbox 335 2520 1520 2706">
     <span class='ocr_line' id='line_1_21' title="bbox 335 2520 1520 2606; baseline 0.001 -23"><span class='ocrx_word' id='word_1_190' title='bbox 335 2541 405 2585; x_wconf 86' lang='lat' dir='ltr'><em>esso</em></span> <span class='ocrx_word' id='word_1_191' title='bbox 434 2520 564 2582; x_wconf 90' lang='lat' dir='ltr'><em>videtur</em></span> <span class='ocrx_word' id='word_1_192' title='bbox 591 2537 609 2582; x_wconf 83' lang='lat' dir='ltr'><em>a</em></span> <span class='ocrx_word' id='word_1_193' title='bbox 638 2520 780 2583; x_wconf 85' lang='lat' dir='ltr'><em>Graecis:</em></span> <span class='ocrx_word' id='word_1_194' title='bbox 813 2521 870 2584; x_wconf 89' lang='lat' dir='ltr'><em>sed</em></span> <span class='ocrx_word' id='word_1_195' title='bbox 900 2535 985 2584; x_wconf 86' lang='lat' dir='ltr'><em>certa</em></span> <span class='ocrx_word' id='word_1_196' title='bbox 1015 2525 1085 2586; x_wconf 88' lang='lat' dir='ltr'><em>eius</em></span> <span class='ocrx_word' id='word_1_197' title='bbox 1113 2543 1189 2586; x_wconf 88' lang='lat' dir='ltr'><em>usus</em></span> <span class='ocrx_word' id='word_1_198' title='bbox 1219 2524 1365 2605; x_wconf 86' lang='lat' dir='ltr'><em>exempla</em></span> <span class='ocrx_word' id='word_1_199' title='bbox 1393 2523 1520 2606; x_wconf 85' lang='lat' dir='ltr'><em>praebet</em></span> 
     </span>
     <span class='ocr_line' id='line_1_22' title="bbox 337 2622 1354 2706; baseline 0.003 -21"><span class='ocrx_word' id='word_1_200' title='bbox 337 2623 495 2687; x_wconf 80' lang='lat' dir='ltr'><em>Plutarchi</em></span> <span class='ocrx_word' id='word_1_201' title='bbox 520 2623 708 2705; x_wconf 81' lang='lat' dir='ltr'><em>Comparatio</em></span> <span class='ocrx_word' id='word_1_202' title='bbox 731 2622 951 2705; x_wconf 83' lang='lat' dir='ltr'><em>Aristophanis</em></span> <span class='ocrx_word' id='word_1_203' title='bbox 974 2637 1006 2689; x_wconf 90' lang='lat' dir='ltr'><em>et</em></span> <span class='ocrx_word' id='word_1_204' title='bbox 1028 2625 1190 2688; x_wconf 81' lang='lat' dir='ltr'><em>Menandri</em></span> <span class='ocrx_word' id='word_1_205' title='bbox 1212 2645 1244 2706; x_wconf 90' lang='lat' dir='ltr'><em>p.</em></span> <span class='ocrx_word' id='word_1_206' title='bbox 1264 2627 1354 2688; x_wconf 60' lang='lat' dir='ltr'><em>asts.</em></span> 
     </span>
    </p>
   </div>
   <div class='ocr_carea' id='block_1_5' title="bbox 0 0 1643 5130">
    <p class='ocr_par' dir='ltr' id='par_1_6' title="bbox 0 0 1643 5130">
     <span class='ocr_line' id='line_1_23' title="bbox 0 0 1643 5130; baseline 0 0"><span class='ocrx_word' id='word_1_207' title='bbox 0 0 1643 5130; x_wconf 95' lang='lat' dir='ltr'><em> </em></span> 
     </span>
    </p>
   </div>
  </div>
 </body>
</html>
