3252 5130
583 411 799 504 Conrndronno.
1208 425 1283 499 637

92 630 265 710 plicarctur
287 629 401 691 locutio
425 631 530 692 minus
548 630 633 710 trita,
659 649 741 712 quac
756 641 863 693 tamen
879 630 999 693 Graeca
1016 639 1074 692 est.
1108 629 1284 692 Herodotus

92 733 166 794 132
190 721 274 802 οὗτος
303 725 369 815 παρ’
402 727 469 814 ἐμοὶ
495 728 527 796 τὸ
558 723 673 815 οὕνομα
702 735 808 810 τοῦτο,
844 723 869 795 ὦ
896 731 1037 818 βασιλεῦ,
1077 727 1190 804 δίκαιός
1221 731 1284 796 ἔστι

91 831 242 918 φέρεσθαι
263 854 297 896 ιιι
320 836 381 926 Ι460
406 829 552 920 Ζωπύρου
582 833 615 900 δὲ
645 830 741 907 οὐδεὶς
771 831 973 920 ἀγαθοεργίην
998 833 1139 920 Περσέων
1171 829 1283 921 ὑπερε-

91 930 200 1021 βάλετο
222 933 305 1022 ποιρὰ
328 934 446 1023 Δαρείῳ
468 941 565 1023 κριτῇ.
599 939 769 1020 Euripides
790 941 902 1004 Bacch.
930 940 990 1000 400
1016 937 1203 1022 μαινομένων
1220 934 1284 1001 οἵδε

90 1033 197 1122 τρόποι
218 1037 269 1103 καλ
291 1035 486 1125 κακοβούλων
508 1035 576 1126 παρ’
602 1039 706 1126 ἔμοιγε
728 1046 848 1128 φοιτῶν.
896 1043 1019 1104 Heracl.
1040 1043 1096 1102 88i
1124 1035 1192 1127 παρ’
1211 1034 1285 1124 ἡμῖν

93 1136 227 1227 μὲνγὰρ
258 1137 293 1207 οὐ
324 1139 417 1228 σοφὸν
444 1137 525 1221 τόδε,
547 1138 700 1230 Ἐχδροδς
729 1140 859 1232 λαβόντα
882 1140 922 1228 μὴ
952 1135 1156 1207 α’ποτίοαοδαι
1183 1140 1281 1228 δίκην.

91 1245 213 1307 ibidem
244 1265 275 1307 v.
301 1247 362 1308 369
393 1250 450 1311 ποῒι
477 1249 563 1311 τοῦτο
592 1251 694 1321 καλῶς
723 1241 759 1312 ἂν
789 1245 836 1332 εἴη
863 1242 945 1332 παρά
975 1241 998 1331 γ’
1037 1237 1070 1310 εὗ
1098 1250 1282 1332 φρονοῦσαι

92 1348 228 1410 alterum
250 1344 334 1434 παρά
357 1350 447 1413 facile
470 1351 571 1412 omitti
593 1353 706 1432 potuit.
739 1351 941 1436 παραοκοπεῖν
964 1351 1069 1432 ροιιΙΙο
1091 1351 1183 1412 alitor
1204 1349 1284 1412 dixit

92 1449 267 1532 Aeschylus
289 1451 348 1534 Ag.
377 1453 453 1513 tati
483 1454 603 1532 Herm.‚
628 1444 648 1538 ἦ
671 1448 750 1540 κάρτ’
779 1446 821 1539 ἄρ’
850 1444 888 1517 αὖ
918 1447 1116 1538 παρεστάτεις
1137 1456 1284 1538 χρησμῶν

91 1551 187 1635 ἐμῶν.
219 1553 276 1616 sed
298 1555 412 1618 similia
428 1565 503 1618 sunt
525 1575 631 1636 neque
654 1560 760 1620 minus
782 1558 918 1620 solitaria
942 1555 1027 1637 apud
1041 1557 1284 1637 Xenophontem

89 1657 290 1740 παραγνῶναι
318 1661 410 1720 Mem.
436 1679 446 1720 ι
472 1660 484 1718 i
515 1659 553 1719 ⁴7
584 1670 615 1721 et
641 1659 911 1745 παρανενομικέναι
940 1660 1020 1720 Heli.
1046 1678 1069 1720 11
1091 1660 1193 1720 336:
1226 1657 1285 1722 ad-

91 1760 214 1821 sentior
234 1762 320 1822 enirn
344 1760 461 1824 Cobeto
484 1763 516 1822 in
540 1763 634 1824 Novis
657 1762 844 1825 lectionibus
866 1783 899 1844 p.
919 1765 978 1823 684
1003 1759 1285 1846 παρανενομηκέναι

92 1865 135 1924 ita
159 1864 331 1944 corrigenti
355 1875 387 1926 et
409 1874 496 1926 recte
519 1864 559 1927 de
583 1865 737 1928 eiusmodi
760 1865 972 1928 locutionibus
995 1865 1159 1927 iudicanti.

180 1982 310 2044 cxclll.
357 1982 511 2046 Stobaeus
533 1984 629 2047 Anth.
648 2005 726 2048 nxxu
742 1987 760 2046 5
785 2005 839 2049 sex
854 1985 950 2048 habet
967 2005 1081 2048 versus
1097 1987 1284 2067 Hipponacti

94 2084 244 2163 tributos,
271 2087 362 2148 cuius
384 2105 455 2148 esse
478 2106 541 2148 non
565 2099 707 2169 possunt,

247 2216 343 2306 γάμος
365 2215 521 2307 κράτιστός
543 2223 621 2288 ἐστιν
645 2218 732 2310 ἀνδρὶ
754 2221 889 2311 σώφρονι

135 2386 141 2396 ,
248 2320 355 2409 τρόπον
376 2320 516 2409 γυναικὸς
537 2324 670 2412 χρηστὸν
692 2325 777 2392 ἔνδον
800 2325 983 2413 λαμβάνειν·

250 2419 325 2511 αὕτη
347 2423 406 2513 γὰρ
428 2421 447 2512 ἡ
470 2423 553 2513 προὶξ
575 2429 672 2495 οἰκίαν
696 2425 788 2517 σῴζει
810 2425 898 2514 μόνη.

248 2524 327 2603 ὅστις
351 2528 384 2594 δὲ
405 2534 560 2616 τρυφερῶς
581 2528 634 2616 τὴν
657 2529 769 2617 γυναῖκ’
796 2525 864 2618 ἄγει
890 2528 991 2618 λαβὼν

249 2628 388 2719 συνεργὸν
411 2625 496 2705 οὗτος
518 2628 583 2698 ἀντὶ
606 2635 762 2720 δεσποίνης
783 2634 861 2722 ἔχει,

248 2727 363 2814 εὔνουν,
391 2735 514 2822 βεβαίαν
539 2737 581 2808 εἰς
604 2731 722 2802 ἅπαντα
743 2734 794 2803 τὸν
818 2737 893 2824 βίον.

92 2902 329 2972 versuqnarto
352 2891 506 2974 Bergkins
528 2892 560 2953 in
584 2893 685 2955 Poetis
708 2892 815 2975 lyricis
836 2914 869 2974 p.
896 2893 958 2954 772
983 2886 1132 2978 τρυφερὰν
1155 2895 1285 2974 scripsit

91 3005 123 3056 ct
148 3004 220 3076 post
244 3014 317 3057 enm
339 3013 468 3058 versum
491 2994 569 3056 alios
592 2995 749 3058 excidisse
765 2995 965 3076 significavit.
992 3005 1023 3057 ct
1046 2994 1201 3057 excidisse
1224 2995 1284 3058 ali-

90 3107 171 3178 quot
193 3116 306 3160 versus
335 3099 412 3160 satis
435 3096 563 3159 videtur
592 3117 662 3160 esse
692 3098 908 3178 manifestum,
944 3097 1001 3160 sed
1030 3097 1123 3160 simul
1151 3097 1285 3180 adparet

86 3200 259 3285 τροφεριῖιςΙ
282 3219 345 3262 non
369 3209 490 3262 temere
513 3200 699 3263 mutandum
724 3220 811 3264 esse:
841 3211 945 3282 potest
967 3201 1052 3263 enirn
1076 3203 1109 3262 in
1133 3203 1179 3264 eis
1202 3215 1343 3283 quaesto

89 3305 208 3365 omissa
237 3312 311 3366 sunt
342 3303 442 3373 ζῶσαν
471 3303 569 3365 inisse
599 3305 650 3366 vel
679 3305 783 3366 simile
812 3303 944 3385 aliquid.
991 3323 1120 3367 versum
1148 3305 1284 3366 alterum

91 3407 188 3468 aliter
217 3415 312 3486 atquc
345 3406 449 3469 adhuc
484 3416 671 3488 temptatum
710 3416 759 3468 ost
795 3405 1019 3487 corrigendum
1053 3425 1123 3468 csse
1157 3424 1281 3468 censeo.

89 3510 247 3573 nimirum
267 3506 352 3571 ἔνδον
376 3509 453 3570 mihi
469 3508 598 3571 videtur
613 3508 800 3572 mutandum
819 3528 888 3572 esse
911 3511 943 3570 in
960 3507 1056 3572 ἕδνον.
1096 3507 1282 3571 tribuendos

90 3630 165 3674 esse
189 3611 244 3673 hos
274 3586 634 3692 vorsusiuippoohoonti
657 3612 831 3674 Meinekius
854 3611 1051 3673 Comicorum
1074 3621 1096 3672 t.
1115 3629 1144 3672 ιν
1165 3631 1197 3692 ρ.
1218 3611 1279 3672 'iii

88 3712 304 3795 probabiliter
327 3715 471 3776 coniecit.
506 3734 587 3794 quae
609 3714 769 3795 adscripto
792 3714 1031 3796 Hippothoontis
1053 3714 1181 3775 nomine
1197 3713 1284 3794 apud

90 3814 263 3879 stobaeum
287 3816 439 3897 leguntur
461 3817 619 3879 Nauckins
647 3819 680 3879 in
708 3819 900 3898 tragicorum
928 3817 1073 3896 reliquiis
1096 3818 1280 3879 conlocavit.

90 3919 183 3998 atqui
212 3920 367 4000 tragicum
396 3929 519 4001 poetam
549 3920 646 3982 inisse
670 3919 932 4000 Hippothoontem
959 3920 1053 4001 plane
1083 3919 1169 3981 nullo
1192 3921 1284 3981 testi-

90 4022 198 4083 monio
222 4033 363 4086 constat:
389 4024 484 4084 immo
507 4041 570 4084 non
586 4022 645 4084 fuit
667 4023 693 4084 si
711 4022 780 4084 illos
794 4041 908 4085 versus
923 4023 996 4084 iecit
1018 4032 1050 4084 et
1067 4031 1153 4084 recte
1169 4023 1282 4102 scripsi

91 4124 180 4187 ἕδνον
213 4119 388 4210 λαμβάνειν.
436 4135 539 4207 potest
571 4135 677 4188 autem
714 4123 810 4187 inisse
834 4123 1019 4187 didacticus.
1068 4123 1140 4187 ἕδνα
1178 4123 1283 4186 dotem

90 4237 222 4310 praeter
243 4229 321 4290 alios
344 4227 514 4310 Euripides
537 4227 618 4290 dixit
649 4230 681 4290 in
705 4226 924 4290 Andromacha
947 4247 976 4288 v.
1004 4229 1083 4306 873,
1117 4221 1152 4292 οδ
1175 4223 1232 4314 γάρ
1255 4227 1284 4292 τί

90 4326 115 4394 α’
145 4326 336 4415 αἰχμάλωτον
359 4330 394 4393 ἐκ
416 4327 524 4415 Τροίας
546 4327 625 4415 ἔχει,
646 4325 720 4395 Ἀλλ’
748 4326 855 4416 ἀνδρὸς
878 4329 988 4394 totino
1010 4331 1105 4394 παῖδα
1128 4327 1180 4395 orio
1202 4333 1283 4395 πολ-

89 4433 155 4504 λοῖς
178 4428 279 4517 λαβὼν
294 4426 446 4511 Ἕδνοιοι,
470 4429 586 4506 πόλεως
609 4427 631 4496 τ’
657 4429 693 4497 οδ
717 4433 815 4516 μέσως
839 4428 1024 4516 εὐδαίμονος.
1059 4434 1282 4497 Onomasticon

90 4537 147 4598 dos
170 4535 269 4599 ἕδνον.

147 4652 266 4704 Hooptii
288 4653 401 4706 θροεοιιλο
414 4653 454 4695 111.
1043 4657 1072 4707 41
