3178 5136
604 386 707 446 Vinii.
1181 371 1254 442 525

148 573 266 634 LXXX.
315 573 399 634 Plato
421 572 462 634 de
484 571 610 652 legibus
625 593 653 634 m
670 593 702 653 p.
719 566 796 634 749⁶
816 563 910 655 σύσης
932 566 991 656 γάρ
1013 572 1111 657 ταφῆς
1133 575 1186 656 τῆς
1201 569 1254 655 μέν

67 667 335 758 ιἰπερβεβληρένης,
358 676 412 758 τῆς
435 671 469 737 δέ
492 669 698 760 ἐλλειπούσης,
722 677 776 760 τῆς
799 673 833 738 δὲ
851 671 993 760 μετρίας,
1017 669 1071 758 τήν
1096 673 1166 758 μίαν
1187 669 1256 738 ἐλύ-

67 799 149 859 μενος
168 772 218 856 σά,
243 773 298 862 τήν
320 776 434 862 μέσην,
457 772 567 864 ταύτην
588 773 781 864 προστάττεις
807 775 861 841 καὶ
882 774 1032 862 έπήνεαας
1054 772 1167 854 ἁπλῶς,
1194 773 1254 861 spi

66 878 107 957 δέ,
131 880 159 943 εἰ
182 879 236 964 μὲν
251 875 326 964 γονή
351 905 402 965 μοι
417 880 603 966 διαφέρουσα
624 878 673 965 εἴη
689 875 809 966 πλούτιρ
830 876 882 944 καὶ
895 875 1021 945 θάπτειν
1037 873 1131 964 αύτήν
1147 879 1256 944 διακε-

64 978 178 1047 λεύσσω
197 983 233 1047 έν
253 987 299 1070 τῷ
319 979 475 1068 ποιήματι,
500 978 550 1047 τὸν
574 977 800 1068 ὑπερβάλλοντα
822 977 859 1048 ἂν
875 977 970 1069 τάφον
986 981 1155 1066 ἐπαινοίην,
1182 1005 1254 1066 φει-

65 1082 156 1158 δωλὸς
188 1081 216 1148 δ’
250 1077 288 1151 αύ
316 1109 360 1158 τις
388 1084 441 1150 καὶ
468 1085 560 1170 πένης
590 1080 667 1171 ἀνήρ
695 1082 746 1150 τὸν
774 1087 927 1164 καταδεᾶ,
954 1087 1060 1172 μέτρον
1090 1082 1124 1148 δὲ
1152 1079 1254 1157 odolo<

64 1188 240 1273 κεκτημένος
262 1185 313 1253 καὶ
335 1189 453 1274 μέτριος
474 1184 564 1262 αύτύς
586 1182 627 1252 ὢν
650 1185 700 1254 τὸν
723 1183 814 1254 αύτύν
836 1183 873 1253 ἂν
895 1189 1064 1254 ἐπαινέσαι·
1090 1209 1151 1252 non
1175 1189 1255 1268 fugit

64 1293 242 1356 Bekkerum
265 1291 471 1356 scribendum
494 1311 564 1356 esse
587 1293 754 1357 ἐπαινέσαι.
787 1293 844 1356 εει]
861 1303 959 1356 restet
974 1295 1102 1373 gravius
1120 1294 1249 1355 vitium:

64 1397 182 1458 nullum
207 1397 293 1458 euim
316 1397 369 1458 hic
389 1395 453 1458 diei
477 1397 579 1477 potuit
600 1396 744 1459 mulieris
765 1394 892 1480 ποίημα.
925 1395 1104 1458 Badhomus
1127 1397 1160 1458 in
1176 1396 1254 1476 Epi-

63 1499 142 1560 stulu
165 1499 207 1561 de
231 1499 367 1562 Platonis
390 1499 527 1580 Legibus
550 1521 582 1580 p.
600 1519 668 1562 um
699 1500 758 1561 hoc
787 1499 930 1561 breviter
959 1498 1078 1576 edixit,
1112 1497 1253 1561 ‘sublata

64 1600 194 1664 ridicula
215 1603 474 1683 interpunctione
498 1602 669 1683 legendum
692 1596 817 1666 θάπτειν
840 1596 949 1685 ἑαυτήν
973 1595 1193 1680 διακελεύοιτο,
1218 1601 1253 1665 ἐν

62 1706 102 1790 τῷ
120 1699 269 1788 ποιήματι
290 1700 341 1768 τάν
364 1698 574 1790 ύπερβάλλοντ’
606 1699 643 1768 ἂν
671 1699 766 1791 τάφον
794 1703 971 1788 ἐπαινοίην)
1016 1725 1081 1770 non
1104 1723 1183 1767 nova
1206 1716 1254 1768 est

63 1810 117 1868 istu
138 1809 232 1870 retio.
279 1816 394 1889 nempe
416 1809 544 1870 Fioinus
567 1811 609 1870 ite
625 1809 678 1870 illu
701 1810 930 1890 interpretatus
953 1817 1011 1886 est,
1040 1809 1109 1889 ‘ego
1132 1819 1249 1888 autem,

63 1912 87 1971 si
108 1929 191 1972 uror
215 1909 293 1972 mihi
315 1910 471 1974 ditissime
488 1922 572 1974 esset
594 1910 782 1992 iuberetque
813 1923 849 1974 ut
870 1931 940 1974 eum
969 1912 1135 1992 magnifiee
1157 1931 1253 1992 sepe-

63 2014 170 2092 lirem,
202 2014 237 2073 in
260 2023 404 2094 poemate
435 2013 595 2076 excedens
620 2015 805 2096 sepulcrum
834 2013 1022 2077 laudarem!
1067 2013 1124 2077 sed
1147 2014 1252 2075 meriti

63 2133 257 2196 poemenen
280 2117 385 2178 minus
415 2116 586 2180 ridiculum
615 2127 663 2180 εει
691 2137 785 2198 quom
813 2121 933 2180 uxoris.
980 2129 1114 2198 augetur
1146 2127 1251 2180 autern

63 2219 231 2281 ridiculum
253 2217 360 2282 addito
380 2219 434 2304 τῷ,
462 2218 547 2300 quod
569 2229 637 2282 tum
661 2219 789 2282 domum
806 2229 892 2283 recte
915 2239 950 2282 se
973 2219 1106 2283 haberet
1127 2221 1153 2282 si
1176 2239 1252 2282 con-

61 2333 248 2384 sentaneum
276 2333 362 2384 esset
390 2341 652 2403 unumquemque
676 2325 824 2386 meritum
838 2343 953 2386 uxore
973 2333 1099 2386 mortue
1124 2341 1251 2384 carmen

64 2423 175 2486 iecere.
223 2443 287 2486 non
310 2423 445 2487 dubium
469 2427 546 2487 mihi
562 2436 612 2488 est
630 2419 777 2509 ποιήματι
800 2446 840 2488 ex
862 2427 923 2488 alia
946 2446 1021 2488 voce
1041 2425 1251 2507 depravatum

64 2547 139 2590 esse.
189 2527 275 2607 quod
308 2527 424 2590 lactum
452 2548 525 2591 esse
552 2527 685 2591 videtur
713 2538 855 2610 tempore
885 2529 961 2590 sutis
987 2530 1134 2608 antiquo:
1177 2547 1250 2590 nero

64 2641 215 2710 quantum
232 2639 353 2692 constet
377 2630 461 2692 idem
484 2632 637 2712 scriptum
662 2641 709 2694 est
731 2632 764 2692 in
782 2632 906 2692 loannis
921 2631 1048 2692 Stohuei
1063 2629 1251 2711 Anthologio

63 2752 145 2794 cuxur
163 2734 214 2794 li.
263 2731 320 2796 sed
344 2732 463 2795 frustra
485 2734 616 2796 fuerunt
638 2735 693 2814 qui
715 2733 820 2796 adhuc
843 2733 1096 2797 emendationem
1114 2743 1252 2814 tempte-

64 2847 144 2898 runt.
192 2854 327 2916 quorum
351 2837 432 2898 elius
454 2835 486 2898 ἐν
509 2839 552 2920 τῷ
573 2830 769 2920 ἐπιστήματι,
794 2837 875 2898 elius
897 2835 993 2922 ἐντῷ
1016 2831 1148 2920 μνήματι
1170 2838 1251 2898 scri-

63 2938 202 3002 bendum
225 2956 293 3000 esse
317 2939 467 3000 coniecit:
494 2937 551 3000 sed
574 2938 714 3000 absurda
737 2948 785 3001 est
808 2940 867 3000 isto
883 2939 1125 3019 sumptuosioris
1140 2939 1250 3018 sepul-

64 3051 146 3104 turae
170 3041 205 3101 iu
228 3041 372 3103 columna
395 3041 448 3102 vel
470 3052 673 3103 monumento
697 3041 776 3104 lecte
799 3041 952 3119 laudatio,
985 3059 1090 3120 neque
1118 3040 1249 3105 ἐπαινεῖν

63 3145 186 3206 omuino
208 3144 261 3206 hic
284 3143 438 3205 eiusmodi
462 3145 599 3223 aliquem
623 3143 749 3206 leudem
773 3153 876 3224 potest
899 3143 1094 3224 significare,
1121 3143 1178 3207 sed
1201 3155 1249 3207 est

66 3245 175 3308 iudicio
206 3255 238 3307 et
265 3244 345 3308 fecto
373 3244 562 3326 adprobare.
611 3265 711 3326 quere
740 3248 847 3308 senior
881 3246 939 3309 luit
965 3244 1046 3308 Astii
1077 3248 1245 3323 sententia,

63 3350 113 3428 qui
134 3348 342 3411 scribendum
365 3350 490 3429 putavit
511 3347 543 3410 έν
565 3350 608 3433 τῷ
628 3343 800 3432 γράμματι,
826 3349 859 3411 id
883 3359 918 3412 ιιι
940 3359 1023 3412 esset
1044 3352 1078 3410 in
1101 3349 1246 3412 codicillo.

63 3451 115 3512 sod
135 3445 263 3536 γράμμα
284 3452 328 3512 ite
350 3470 413 3512 non
436 3461 621 3532 usurpetur,
647 3453 741 3513 immo
765 3453 866 3530 Pluto,
898 3453 924 3513 si
954 3451 1032 3514 illud
1061 3452 1170 3514 dicere
1194 3470 1249 3512 vo·

63 3552 181 3631 luisset,
206 3553 238 3615 ἐν
261 3555 296 3637 τῇ
321 3546 455 3636 διαθήκη
479 3555 648 3633 posuisset.
696 3556 773 3616 latet
796 3556 894 3634 igitur
916 3553 1001 3616 houd
1024 3552 1123 3616 dubie
1147 3555 1245 3617 uliud.

65 3665 133 3732 puto
155 3665 263 3718 eutem
286 3656 444 3728 Platonem
467 3657 633 3737 scripsisse
655 3651 852 3720 xuildurew
876 3649 969 3741 αύτήν
993 3649 1197 3720 διακελεύοιτο
1215 3656 1247 3718 έν

62 3759 101 3840 τῷ
128 3751 287 3842 νοσήματι.
335 3759 531 3840 intellegitur
559 3759 756 3841 praecedens
786 3770 918 3823 mortem
942 3759 1088 3839 morbus,
1121 3770 1156 3821 ut
1182 3748 1247 3820 ord-¹

64 3872 168 3938 parcet
190 3862 357 3924 articulum
381 3881 416 3923 se
449 3861 569 3924 hebere
600 3864 784 3926 rectissime.
834 3865 892 3924 hoc
920 3873 1025 3926 autem
1049 3862 1134 3942 quod
1156 3864 1302 3942 poscitur

64 3973 113 4024 aut
134 3965 238 4025 simile
254 3963 418 4044 quidpiam
441 3974 476 4026 ut
494 3963 669 4027 adderetur
691 3967 718 4027 si
735 3967 840 4028 miuus
856 3967 1082 4044 necessarium,
1108 3977 1141 4027 at
1154 3965 1247 4045 plene

65 4076 126 4127 erat
141 4065 349 4128 commodum.
379 4067 474 4129 nimis
490 4069 576 4130 enim
593 4066 713 4130 nudum
731 4077 778 4130 est
795 4068 875 4131 illud
901 4071 938 4130 ‘si
962 4087 1041 4130 uxor
1065 4068 1141 4129 mihi
1165 4076 1247 4130 osset

64 4167 150 4230 valde
172 4168 264 4231 dives
284 4187 385 4250 seque
408 4171 544 4252 sepelire
566 4169 715 4232 iuberet!
759 4170 893 4251 quodsi
918 4173 990 4251 quis
1017 4171 1101 4232 dicet
1129 4189 1191 4232 uon
1215 4169 1246 4231 ἐν

65 4272 103 4352 τῷ
122 4265 270 4355 νοσήματι
297 4271 502 4335 scribendum
525 4272 639 4353 luisse,
671 4272 729 4336 sed
750 4273 782 4336 ἐν
803 4277 842 4357 τῇ
865 4267 960 4358 νόσῳ,
999 4292 1109 4335 vereor
1130 4291 1172 4334 ne
1194 4291 1247 4334 or-

66 4375 165 4451 gutius
187 4373 220 4435 id
244 4373 328 4437 dicet
349 4393 443 4455 quem
467 4379 587 4440 verius.

144 4479 217 4558 Leg.
236 4495 248 4538 r
270 4497 301 4558 p.
321 4479 398 4538 633ο
417 4476 626 4542 Atheniensis
648 4478 841 4556 haecdicit,
873 4480 924 4541 νῦν
947 4469 998 4542 odo
1020 4473 1132 4562 πότερα
1154 4475 1246 4560 λέγο-

113 4591 231 4644 ιιαιιριλι
250 4593 362 4645 opusculo
375 4593 415 4635 111.
1007 4603 1039 4648 :lt
