3156 5132
540 461 706 524 Auruncu.
1143 446 1216 519 353

50 661 140 712 terroe
169 671 243 714 vero
272 663 303 716 et
326 652 384 714 Iori
406 653 561 734 oppositio
584 649 840 734 non'perversn,
873 650 929 714 sed
952 651 1046 713 scolio
1069 653 1101 712 iu
1125 652 1218 714 aliam

50 775 104 817 rem
132 753 251 817 detorto
274 755 406 838 faceta),
437 765 503 818 tum
527 765 631 819 autem
655 757 754 818 altera
777 763 929 837 sequntur
951 753 1065 817 divisio
1089 748 1158 839 μήτ’
1186 753 1217 817 ἐν

50 852 169 943 daldorp
193 851 263 943 μήτ’
291 859 322 922 ἐν
345 853 471 944 ἠπείρῳΙ
521 860 627 940 itaque
651 879 722 922 oum
739 861 771 920 In
787 858 1006 940 Aristophanis
1020 877 1117 921 versu
1132 867 1218 920 recte

47 963 184 1044 scriptum
203 972 288 1026 esset
302 957 418 1048 ἠπείρῳ
437 962 532 1046 (quod
548 963 646 1025 multo
662 963 760 1044 magis
775 963 878 1043 placet
893 971 1002 1043 utpote
1018 959 1103 1043 quod
1120 962 1219 1043 magis

46 1064 80 1126 ed
108 1084 170 1126 rem
199 1068 338 1148 pertinet
361 1085 455 1147 quem
479 1068 505 1128 si
528 1066 692 1128 diceretur
714 1059 863 1150 οὐρανῷ),
896 1063 1039 1126 additum
1062 1066 1095 1126 In
1118 1063 1219 1127 adno-

48 1170 150 1230 tatione
178 1170 295 1232 scolion
324 1169 365 1231 ad
388 1167 607 1251 Aristophanis
635 1168 734 1231 verba
766 1169 846 1232 male
875 1166 1148 1231 adcommodatum
1171 1177 1218 1230 est

47 1270 181 1334 vocabulo
204 1272 290 1354 quod
315 1273 379 1334 illic
400 1273 602 1335 verissimum
627 1283 675 1335 est
699 1273 804 1354 inepte
827 1273 889 1334 huc
910 1272 1072 1334 translato.

119 1377 224 1437 XXIII.
257 1377 420 1458 Iphigenia
450 1375 615 1459 Euripidis
645 1377 776 1440 Taurica
806 1396 837 1438 ν.
858 1376 988 1438 ίθίνίεο.
1014 1377 1144 1438 Dianam
1176 1376 1217 1438 ita

45 1476 223 1560 adloquitur,

236 1611 303 1681 ἀλλ’
331 1611 458 1700 εὐμενὴς
480 1613 588 1702 ἔκβηθι
611 1612 764 1705 βαρβάρου
786 1612 897 1703 χθονὸς

235 1720 279 1791 είς
301 1716 354 1791 τὰς
371 1714 519 1803 Ἀθήνας·
544 1716 673 1807 καὶγὰρ
696 1714 802 1785 ἐνθάδ’
829 1715 865 1784 ον’)
886 1719 992 1806 πρέποι

234 1821 343 1900 ναίειν,
367 1816 462 1908 παρόν
486 1847 533 1887 αοι
554 1817 640 1889 πόλιν
663 1822 745 1911 ἔχειν
768 1818 943 1908 εὐδαίμονα.

46 1997 196 2059 rerIssime
221 1998 424 2060 Burmannus
456 1998 601 2078 ‘gravius
631 1997 722 2078 quid'
753 1997 859 2077 inquit
889 1997 999 2076 ‘quam
1027 1989 1114 2060 πόλιν
1136 1993 1218 2081 ἔχειν

44 2092 192 2182 εὐδαίμονα
216 2100 268 2161 hic
291 2099 408 2162 dictum
432 2100 557 2162 vellem.
605 2119 668 2162 uon
685 2102 769 2162 enlm
787 2109 872 2163 recte
888 2100 1031 2182 opposita
1047 2109 1121 2162 sunt
1137 2093 1217 2183 βάρ-

44 2199 119 2284 βαρος
146 2213 178 2265 et
206 2197 376 2286 εὐδαίμων,
410 2223 481 2266 cum
512 2223 573 2265 non
603 2205 679 2265 satIs
706 2204 873 2285 perspicue
895 2213 1045 2284 appareat
1068 2195 1218 2289 βάρβαρον

44 2298 124 2387 pulta
135 2307 188 2367 hIc
204 2306 355 2368 Incultum
373 2325 442 2368 csse
458 2305 717 2388 intellegendam.
748 2308 865 2369 rectius
878 2307 1104 2370 humanitatem
1118 2316 1149 2369 et
1161 2327 1218 2369 ex-

45 2419 150 2486 pertem
166 2408 367 2473 crudelitatis
383 2410 534 2491 pietatem
550 2409 744 2473 Athenarum
761 2411 1057 2474 commemorasset’
1091 2412 1218 2472 omnino

43 2501 195 2596 είδαίρονα
224 2513 304 2576 illud
333 2532 395 2574 nou
429 2533 521 2596 posse
551 2513 629 2576 ferri
660 2515 738 2575 mihi
761 2512 902 2576 videtur.
949 2533 1021 2575 nam
1043 2514 1070 2575 si
1094 2513 1218 2576 felicem

45 2613 139 2678 urbem
163 2617 392 2698 intellegimus,
418 2636 495 2679 sane
518 2635 577 2679 nec
599 2617 769 2698 perspicue
791 2637 851 2679 nec
874 2626 959 2679 recte
981 2615 1136 2679 barbarae
1152 2626 1219 2680 ter-

45 2737 86 2779 rae
109 2722 293 2803 opponitur.
340 2730 407 2784 tum
431 2720 487 2783 uhi
509 2715 595 2784 πόλιν
618 2714 781 2804 εὐδαίμονα
804 2718 866 2782 dici
890 2721 1085 2801 percipImus
1107 2720 1219 2784 tradu-

43 2821 128 2886 cimur
149 2825 219 2887 Iere
242 2823 282 2886 ad
297 2824 477 2905 opulentiae
494 2825 725 2905 cogitationem,
751 2843 833 2904 quae
847 2841 865 2886 a
881 2824 1038 2886 sententia
1053 2823 1217 2904 Euripidis

42 2926 129 2988 allena
159 2937 221 2990 est.
270 2928 366 2990 multa
391 2930 509 2990 rectius
532 2926 595 2990 dici
618 2937 766 3010 possunt,
797 2928 897 2990 veluti
918 2920 1005 2990 πόλιν
1028 2921 1216 3010 εὐνομουμέ-

43 3048 95 3110 νην,
118 3031 204 3111 quod
219 3031 324 3092 omnia
339 3031 550 3112 conplectitur
565 3050 648 3112 quae
663 3029 819 3093 barbarae
837 3030 953 3093 Ieritati
970 3031 1112 3114 opposita
1128 3041 1213 3094 sunt.

43 3135 155 3194 octale
187 3132 266 3215 quid
290 3133 476 3217 Euripidem
499 3135 664 3216 scripsisse
687 3143 782 3215 puto,
813 3133 890 3215 scd,
922 3153 985 3215 quo
1006 3133 1217 3215 ponderosius

43 3239 201 3300 orationem
218 3237 336 3317 finiret,
353 3257 447 3302 usum
463 3258 536 3302 eum
552 3257 621 3302 esse
637 3239 726 3319 gravi
742 3247 774 3300 et
789 3239 929 3319 specioso
945 3237 1095 3319 quodque
1111 3241 1217 3301 minus

44 3340 136 3402 tritum
160 3351 245 3404 esset
267 3341 430 3405 vocabulo.
478 3343 564 3424 quali
586 3361 666 3405 usus
687 3352 736 3405 est
759 3342 786 3404 si
809 3343 937 3424 scripsit
956 3336 1052 3427 παρόν
1068 3365 1116 3405 σοι
1129 3337 1216 3406 πόλιν

43 3436 112 3526 ἔχειν
139 3437 308 3529 εὐθήρονα.
356 3440 487 3532 (quodsi
510 3445 656 3527 EuripIdi
680 3455 766 3508 recte
788 3445 887 3509 tribui
910 3441 1082 3532 εὔθήρονα,
1115 3448 1217 3528 perti-

44 3563 108 3608 nere
135 3569 171 3611 eo
201 3558 306 3630 potest
335 3549 421 3631 quod
449 3550 625 3632 Hesychius
655 3549 751 3612 hahet
779 3543 954 3636 αὖθήρονα·
987 3540 1128 3627 εὔθετον,
1160 3544 1217 3614 οὗ·

44 3643 198 3739 olnae>
624 3711 626 3716 -

115 3757 219 3818 XXIV.
244 3757 357 3818 Misere
380 3756 551 3838 depravata
574 3765 648 3819 sunt
670 3775 752 3838 quae
776 3759 808 3818 in
829 3757 955 3818 scholiIs
971 3758 1003 3818 in
1020 3757 1215 3818 Clementem

44 3851 279 3922 Alexandrinum
303 3879 335 3941 p.
356 3847 415 3921 too
435 3861 473 3921 to
491 3861 539 3922 III.
565 3861 734 3942 leguntur,
755 3853 910 3945 Ἀρσινόη·
939 3853 1049 3945 ταύτην
1071 3854 1125 3945 τὴν
1146 3853 1216 3946 Ἀρ-

46 3952 132 4044 σινόην
157 3958 234 4034 τινὲς
265 3962 380 4048 μητέρα
401 3958 580 4048 Ἀσκληπιοῦ
603 3959 696 4049 φασί,
724 3959 802 4034 τινὲς
824 3961 858 4028 δὲ
879 3959 1050 4050 Κορωνίδα.
1096 3961 1216 4028 ἔστιδὲ

44 4052 201 4150 ἡἈραινὸη
225 4064 396 4130 Λευκίππου
419 4060 570 4152 θυγάτηρ,
596 4061 616 4152 ἡ
640 4067 673 4133 δὲ
694 4065 829 4154 Κορωνίς
852 4091 926 4154 φησι
949 4066 1085 4152 λέγουσιν
1108 4059 1211 4140 οὕτως.

44 4165 90 4226 sed
116 4165 259 4231 facillima
284 4179 331 4232 est
354 4170 553 4234 emendatio:
587 4192 660 4236 nam
683 4172 889 4236 scribendum
912 4181 960 4234 est
983 4165 1002 4256 ἡ
1026 4167 1060 4234 δὲ
1082 4166 1216 4256 Κορωνὶς

45 4263 176 4352 dispice.
217 4273 385 4356 Phlegyam
403 4284 527 4356 patrem
545 4275 710 4340 Coronidis
726 4276 801 4340 inde
817 4276 858 4339 ab
873 4277 965 4339 Eoeis
980 4275 1108 4339 Hesiodi
1125 4275 1216 4338 multi

42 4386 319 4440 commemorarunt.
367 4378 522 4459 quomodo
550 4390 655 4443 autem
687 4381 756 4444 fieri
782 4383 921 4464 potuerit
947 4389 984 4443 ut
1010 4372 1150 4464 Φλεγύου
1183 4380 1216 4441 in

47 4493 110 4554 φησι
128 4477 260 4564 λέγουσιν
283 4471 378 4553 οὕτως
401 4480 646 4564 detorqueretur
668 4485 758 4547 facile
781 4485 944 4567 Intelleget
967 4503 1062 4566 quem
1082 4492 1137 4546 aut
1159 4503 1217 4546 ve-

48 4583 135 4642 terum
156 4581 309 4650 librorum
333 4605 410 4650 usus
432 4595 485 4649 aut
508 4589 603 4652 Bastii
628 4587 754 4654 tabulae
777 4588 973 4654 edocuerunt
995 4585 1112 4676 quibus
1134 4588 1216 4656 uotis
