3182 5132
346 361 420 432 462
746 376 790 436 Ex
814 393 909 436 uenus
933 377 1141 438 Buroumrnsr.

345 583 434 646 saepe
457 566 606 627 anteactis
635 565 818 646 teniporibus
850 564 920 629 ludo
946 565 1041 628 babiti
1065 583 1214 648 praesens
1242 565 1418 646 stipendium
1438 566 1513 648 {lopi-

345 675 464 744 tarent,
490 687 606 751 quoquo
636 669 722 731 niodo
752 668 879 732 videbar
908 669 1050 731 bonorem
1077 687 1168 731 onere
1192 687 1337 750 pensare.
1382 670 1512 749 seriptum

345 781 393 833 est
418 773 449 832 in
466 771 557 833 libris
572 791 738 854 quaereres
753 774 912 853 uniusque
928 771 1068 854 syllabae
1090 775 1168 836 vitio
1189 782 1253 835 tota
1271 773 1418 835 orationis
1430 774 1514 833 series

346 875 388 936 ita
413 886 504 955 rupta
528 884 559 936 ει
582 876 708 938 confusa
732 886 781 937 est
802 885 837 938 ut
858 873 1021 938 Acidalius
1044 895 1113 938 eam
1137 875 1254 939 frustra
1277 873 1417 939 studeret
1438 875 1515 936 resti-

346 988 436 1040 tuere
459 997 564 1058 ueque
589 979 687 1058 magis
710 979 762 1040 alii
787 979 958 1058 quicquam
980 979 1180 1059 proficerent.

431 1081 560 1143 Duobus
583 1080 709 1143 mendis
730 1081 873 1143 laborant
889 1099 971 1162 quae
988 1083 1020 1144 in
1037 1081 1149 1144 eadem
1164 1085 1305 1144 oratioue
1322 1103 1349 1143 c.
1368 1084 1399 1143 li
1419 1085 1514 1162 scripta

345 1195 430 1264 sunt,
457 1187 652 1267 nequeenim
675 1187 704 1247 ei
722 1183 889 1265 parandae
912 1192 985 1248 sitiit
1002 1187 1180 1265 picturatae
1201 1205 1394 1249 marntomrm
1413 1195 1514 1247 cmstoe

345 1296 373 1352 ct
400 1288 495 1351 solido
518 1307 597 1348 auro
621 1297 695 1352 tecta
724 1289 889 1369 laquearia
912 1289 967 1369 qai
986 1291 1133 1350 maiorem
1156 1292 1235 1352 anni
1251 1297 1376 1372 portem
1398 1293 1426 1351 in
1445 1289 1513 1350 nudo

346 1391 435 1453 burno
458 1390 543 1454 cubet
565 1399 592 1452 et
614 1391 697 1452 coelo
720 1398 839 1454 tontum
862 1399 993 1474 teqatur,
1020 1411 1115 1474 neque
1138 1392 1248 1455 turbae
1271 1394 1465 1455 institutorum
1482 1391 1514 1453 od

346 1495 472 1557 delicias
498 1495 710 1556 miroistrorum
733 1497 785 1556 cui
806 1502 868 1556 tam
888 1514 992 1576 pauca
1016 1495 1322 1568 amministranda,
1349 1515 1438 1579 meque
1456 1503 1516 1558 tem·

343 1617 403 1679 pas
426 1598 589 1678 epularum
612 1599 641 1658 ei
662 1600 717 1679 qui
736 1599 861 1677 saepius
884 1601 1052 1660 statarium
1070 1597 1241 1678 prandium
1265 1599 1309 1661 ad
1332 1600 1513 1662 necessitatem

346 1701 476 1762 bomani
496 1701 633 1780 corporis
655 1703 777 1781 capiat,
802 1701 941 1784 pandens
963 1704 1118 1763 castrensi
1138 1700 1218 1776 cibo,
1243 1703 1383 1764 ministro
1404 1701 1477 1764 obuio
1495 1707 1516 1760 et

343 1805 450 1885 poculo
469 1803 609 1886 fortuito.
657 1805 749 1865 nihili
773 1814 821 1865 est
843 1822 904 1865 nou
928 1803 1104 1885 parandum
1127 1803 1206 1866 illud
1230 1813 1349 1886 tempus
1363 1805 1513 1886 epulorum.

346 1908 551 1970 scribendum
569 1917 616 1969 est
631 1914 768 1987 sumplus
784 1909 961 1988 epulorum.
995 1925 1101 1988 neque
1118 1909 1215 1989 magis
1231 1910 1407 1970 sententiae
1420 1925 1516 1968 oonre

347 2013 393 2073 nit
415 2013 554 2072 ministro
577 2010 681 2071 obvio:
705 2029 777 2072 nam
802 2009 842 2072 de
864 1996 1126 2072 ministris'antea
1142 2009 1262 2073 dictum
1279 2023 1339 2090 est,
1365 2011 1414 2072 hio
1427 2012 1514 2090 inepta

348 2123 396 2178 est
418 2133 526 2176 eorum
551 2116 680 2176 mentio.
729 2112 885 2176 intellexit
908 2113 942 2174 id
957 2112 1129 2192 Acidaliae,
1155 2113 1213 2176 sed
1229 2115 1361 2176 minime
1381 2111 1435 2177 tuti
1454 2111 1515 2174 ielis

347 2236 418 2279 oum
442 2219 599 2278 coniceret
616 2215 823 2279 scribendum
837 2235 907 2278 esse
923 2217 1059 2278 canistro
1075 2217 1126 2278 vel
1142 2219 1242 2279 cadmo
1258 2217 1356 2279 obuio.
1392 2215 1515 2279 scriben-
1581 2241 1582 2254 ι

345 2320 422 2384 dum
446 2321 551 2401 potius
574 2330 622 2383 est
644 2320 812 2382 mim'sterio
834 2319 930 2382 obuio.
978 2329 1087 2382 notum
1109 2329 1156 2382 est
1172 2321 1376 2383 monisterium
1392 2319 1422 2382 id
1436 2318 1515 2400 signi-
1581 2293 1582 2332 ¹

347 2423 441 2505 ficare
457 2422 542 2504 quod
557 2424 636 2486 Galli
652 2423 800 2485 similiter
814 2421 925 2484 dieunt
939 2425 1066 2486 service.
1099 2423 1213 2486 Paulus
1229 2424 1303 2485 Rec.
1318 2433 1399 2486 seut.
1413 2441 1443 2482 nr
1456 2423 1472 2482 6
1483 2421 1514 2479 86

346 2529 432 2589 vasis
456 2527 608 2609 orpeuteis
631 2527 740 2610 {epatis
762 2545 799 2588 eo
822 2527 925 2588 omnia
948 2528 1139 2589 conticentur
1161 2545 1241 2608 quoe
1261 2528 1427 2607 capacitati
1439 2525 1517 2586 alr'rni

342 2637 460 2710 parata
490 2639 579 2699 sumt,
611 2638 638 2692 et
661 2629 725 2690 ideo
748 2638 811 2691 tani
831 2631 953 2710 potoria
977 2649 1070 2711 quam
1092 2631 1233 2708 escaria,
1267 2631 1337 2691 itere
1365 2629 1513 2691 ministerio

345 2734 447 2794 omnia
478 2731 675 2808 debebantur,
707 2732 804 2793 celati
827 2733 944 2794 urceoli
968 2741 1098 2811 paterae
1120 2733 1221 2794 lances
1241 2734 1449 2813 piperataria,
1477 2749 1515 2790 re

345 2835 483 2898 obleoria
513 2855 629 2917 qaoque
660 2838 787 2916 itemque
815 2835 929 2897 trullae
957 2835 1061 2916 scppbi
1082 2845 1110 2896 et
1131 2836 1178 2898 bis
1200 2837 1330 2897 similia.
1378 2837 1422 2896 eis
1448 2851 1513 2913 qrme

347 2940 446 3000 lexioa
471 2936 589 2999 habeut
612 2938 693 3001 addo
709 2937 795 3019 quod
817 2939 970 3019 scriptum
994 2948 1041 3000 est
1065 2939 1097 2999 in
1113 2939 1247 3000 Historia
1263 2937 1418 3019 Apollonii
1433 2935 1513 3017 Tyrii,

345 3059 440 3122 quem
472 3039 590 3104 librum
620 3052 708 3104 sexto
738 3050 808 3122 post
831 3040 992 3103 Christum
1015 3042 1139 3103 saeculo
1161 3041 1338 3103 lectitatum
1361 3059 1427 3103 esse
1446 3047 1514 3100 certo

345 3143 556 3206 demonstrari
585 3155 703 3225 potest,
737 3141 916 3225 Apollonius
939 3145 1056 3206 cunctis
1079 3143 1272 3225 epulantibus
1294 3164 1356 3205 non
1379 3143 1512 3224 epulatur.

345 3249 398 3310 sed
421 3267 535 3308 aarum
559 3257 587 3310 et
609 3254 769 3331 arpentum
793 3249 824 3308 iu
848 3247 1015 3309 ministerio
1038 3248 1119 3330 repis
1141 3247 1196 3309 diu
1215 3247 1293 3326 [lens
1310 3245 1512 3320 inmmotor'„

431 3352 511 3412 XXl.
543 3351 738 3432 Capitolinus
767 3352 799 3411 iu
823 3349 980 3412 Gordiano
1009 3350 1102 3411 tertio
1125 3369 1153 3410 o.
1171 3349 1212 3411 25
1241 3350 1409 3430 epistulam
1437 3345 1513 3409 habet

346 3453 498 3516 Gordiani
520 3453 561 3516 ad
576 3455 794 3516 Timisitheum
818 3471 963 3515 socerum
980 3453 1139 3534 scriptam,
1167 3454 1199 3514 in
1217 3469 1280 3533 qua
1296 3463 1421 3534 praeter
1433 3467 1515 3531 quae
1579 3491 1580 3514 2

286 3545 425 3619 isidam*
456 3557 718 3639 depravatissimo
740 3575 821 3638 quae
851 3557 1011 3635 corrigere
1035 3573 1098 3616 nou
1121 3573 1249 3636 possum
1272 3555 1362 3618 aliud
1384 3547 1515 3634 estquod

346 3659 532 3722 emendasse
564 3660 642 3720 mihi
672 3657 792 3722 videor.
846 3658 975 3741 denique
1006 3677 1089 3721 nunc
1122 3657 1242 3720 demum
1278 3660 1412 3742 intelleqo
1437 3669 1515 3736 neqm

347 3763 523 3825 Felicionem
550 3763 762 3842 praetorianis
792 3761 964 3824 cobortibus
989 3763 1143 3842 praeponi
1162 3761 1302 3824 debuisse
1324 3780 1416 3844 meque
1436 3760 1515 3820 Sera·

341 3867 500 3949 pemmoni
519 3873 666 3948 quartam
690 3866 832 3948 leqionem
855 3864 1037 3927 credendam
1055 3863 1154 3946 fuisse
1168 3872 1206 3943 et,
1231 3871 1267 3925 ut
1281 3867 1382 3926 oniuia
1395 3863 1515 3926 dimrme-

346 3987 463 4046 rarem,
488 3969 585 4032 multo
606 3988 667 4030 mon
690 3985 754 4031 csse
773 3965 917 4048 socienda
942 3985 1021 4050 quac
1040 3966 1111 4049 feci.
1157 3969 1304 4049 ineptum
1327 3977 1373 4030 est
1392 3976 1421 4028 ει
1434 3963 1515 4028 adtir·
1578 4023 1579 4032 ,

433 4243 456 4308 *t
478 4241 538 4310 [Sic
555 4245 698 4295 welserus.
726 4245 805 4294 ceteri
815 4243 871 4305 tero
884 4245 1047 4294 consentium
1059 4255 1117 4292 cum
1129 4243 1377 4305 compotationibus,
1390 4252 1450 4305 quoe
1460 4235 1516 4300 orel

349 4331 461 4381 lilerium
485 4335 546 4380 sunt
569 4344 591 4380 c.
614 4334 655 4380 tt.
693 4327 851 4394 Apollonius
879 4329 986 4379 cunctis
1011 4326 1184 4393 epulantibus
1209 4339 1262 4378 nou
1286 4326 1452 4393 epulabatur,
1477 4317 1515 4371 sed

347 4429 444 4466 surum
467 4417 608 4479 argentum
632 4427 740 4465 menses
763 4415 911 4465 ministeria
931 4413 1028 4477 regalis
1047 4412 1112 4464 dum
1131 4413 1200 4464 llens
1218 4427 1282 4465 cum
1301 4413 1390 4465 doloro
1407 4407 1514 4463 couside-

348 4507 387 4551 rat
405 4517 427 4552 a.
443 4517 466 4564 q.
482 4499 521 4568 s.)
1577 4501 1578 4522 ³
