3160 5132
342 379 391 451 90
598 391 809 457 Armeniacus
831 414 923 458 runnu
946 415 1004 458 unu
1026 413 1268 458 transcensam.

340 583 460 664 tallexi,
486 585 519 645 in
542 585 680 665 catalogo
695 584 891 648 Graevianae
913 584 1123 648 bibliothecae
1146 584 1341 649 conficiendo
1364 587 1424 648 iam
1439 583 1515 647 labo

342 697 449 768 retur,
483 704 550 750 rom
579 688 658 750 mihi
687 688 780 770 longe
802 689 1055 771 acceptissimam
1078 687 1209 768 leceris,
1241 689 1268 750 si
1291 691 1405 770 quovis
1426 689 1516 771 pretio

347 788 442 873 (qnod
471 791 577 854 statim
606 790 666 854 tibi
694 791 895 856 reddendum
926 789 1053 875 curabo)
1079 811 1098 854 a
1120 788 1284 877 μακαρίτου
1306 791 1433 854 filiabus
1453 811 1515 854 cum

341 893 482 958 codicem
512 895 590 956 mihi
620 913 794 977 compares.
842 896 920 977 quin
944 905 976 958 et
997 894 1078 958 illud
1099 915 1218 978 cupere
1241 894 1356 958 scribis
1378 895 1514 974 heredes,

340 1007 376 1061 ut
397 996 529 1062 libraria
551 999 719 1081 suppellex
740 999 836 1063 simul
858 1000 1020 1080 semelque
1036 999 1195 1062 vendatur
1210 1001 1334 1080 integra
1349 1017 1455 1080 neque
1468 1017 1517 1080 per

340 1103 519 1164 auctionem
542 1101 748 1166 distrahatur.
789 1101 874 1184 quod
896 1101 1070 1185 optandum
1093 1101 1223 1184 qaudam
1246 1112 1316 1165 erat
1337 1111 1371 1164 et
1392 1101 1515 1164 filiarum

335 1205 458 1302 gratia,
488 1205 606 1287 quibus
628 1206 663 1269 id
685 1207 795 1270 maiori
818 1206 880 1268 erit
902 1206 1129 1288 emolumento,
1155 1215 1187 1269 et
1208 1205 1350 1269 deiuncti
1374 1206 1515 1286 parentis,

341 1310 431 1372 cuius
461 1311 582 1372 nomini
605 1319 637 1372 et
658 1310 769 1372 honori
792 1328 829 1372 eo
851 1309 966 1371 melius
987 1309 1219 1389 parentabitur.
1268 1327 1342 1389 rogo
1365 1309 1469 1390 itaque
1489 1317 1517 1368 ut

340 1413 532 1494 catalogum,
556 1412 613 1477 ubi
636 1412 742 1477 editus
764 1413 872 1493 luerit,
897 1413 1153 1494 quamprimum
1176 1411 1290 1476 adme
1314 1414 1421 1476 mittas
1443 1411 1518 1473 indi-

340 1534 457 1597 cesque
487 1535 550 1598 quc
578 1517 709 1579 minimo
737 1517 841 1598 pretio
869 1526 1008 1578 veneant
1034 1515 1129 1596 libri,
1161 1526 1198 1579 ut
1224 1517 1251 1578 si
1274 1514 1436 1578 commode
1458 1514 1516 1576 lieri

340 1621 456 1700 poterit
485 1629 517 1682 et
546 1640 564 1682 e
594 1640 629 1682 re
659 1629 767 1682 nostra
797 1618 865 1681 iore
894 1611 1061 1699 videatur,
1093 1639 1111 1681 a
1142 1618 1272 1700 collegio
1303 1637 1373 1680 meo
1402 1626 1516 1680 sanctae

340 1722 692 1804 trinitatis-Cantabrig.
718 1724 920 1792 ermentario
943 1722 1023 1786 aede
1044 1723 1250 1804 amplissima,
1274 1741 1338 1804 qua
1361 1721 1446 1785 nulla
1468 1738 1518 1802 per

339 1835 436 1888 totam
459 1827 616 1908 Europam
639 1825 889 1906 magnificentior
911 1837 969 1907 est,
995 1826 1183 1908 reponendi.
1207 1861 1251 1872 -
1273 1827 1309 1886 N.
1330 1824 1449 1886 llainsii
1465 1823 1517 1884 llo-

341 1929 476 2008 ratium,
513 1948 608 2010 quem
644 1929 797 2011 singulari
834 1939 907 1993 tuae
943 1928 1150 2010 benignitati,
1186 1947 1303 2011 operae
1331 1937 1436 1991 autem
1464 1927 1517 1988 hu-

340 2031 515 2094 manissimi
545 2031 604 2093 pet·
626 2034 732 2096 Coclib
755 2032 875 2112 debeo,
914 2034 984 2095 tamt
1007 2047 1090 2114 pene
1124 2033 1257 2114 perlegi·
1279 2033 1374 2094 etin
1405 2031 1518 2092 chartas

341 2153 428 2197 meas
442 2135 640 2217 transcripsi.
687 2155 750 2198 uon
766 2155 893 2218 possum
909 2135 1019 2198 verbis
1034 2137 1216 2218 exprimere
1232 2154 1327 2216 quam
1344 2132 1517 2197 devinxeris

340 2237 409 2300 tibir
429 2257 491 2300 me·
510 2239 577 2302 hec·
593 2247 665 2302 tam·
680 2240 806 2320 insigni:
822 2239 987 2302 beneficiot
1033 2241 1180 2302 contineti
1196 2240 1232 2300 is·
1246 2237 1348 2301 coden
1368 2239 1525 2299 mmm

340 2361 384 2404 ex·
395 2341 766 2424 ducbnsmanuscriptis
776 2343 1086 2424 lectiones„qnomm
1102 2343 1238 2404 altanum
1254 2340 1519 2421 laeidensatqnan-

220 2511 226 2518 ,
340 2445 421 2507 tivis·
443 2464 519 2508 sane
549 2446 645 2527 pretii
676 2455 741 2523 est;
775 2446 883 2508 cui=et
903 2455 1011 2509 aetate
1029 2455 1065 2508 eo
1083 2445 1246 2526 dignitate·
1261 2463 1383 2527 suppar
1404 2453 1456 2506 esta
1472 2441 1516 2504 illo

340 2547 548 2628 Graevianus,
574 2550 634 2612 etei
657 2549 924 2630 interpolatorum
941 2547 1089 2612 manibus
1111 2567 1170 2630 par
1193 2548 1338 2612 infinitas
1353 2553 1519 2610 mmresat

340 2652 612 2714 correctiunculas
624 2651 848 2734 grassantibus
858 2654 997 2734 pessime
1010 2661 1179 2734 acceptus..
1206 2650 1304 2714 babet
1317 2652 1419 2714 ctiam·
1428 2649 1519 2731 ipsius

341 2754 462 2816 lloinsii
485 2755 709 2834 coniecturas,¹
731 2755 793 2818 sedt
811 2755 979 2837 panemos,
1012 2754 1091 2818 adeo
1113 2763 1155 2819 ut!
1169 2756 1270 2836 longa·
1286 2756 1386 2837 plum
1403 2753 1442 2816 in·
1455 2751 1518 2814 aliis

340 2856 465 2920 alicubi
481 2859 603 2920 chartis
620 2857 797 2922 adnotans·
809 2853 867 2922 τὸνι
882 2851 1097 2944 oportunitates
1115 2859 1226 2922 nullus
1242 2856 1399 2922 dubitem.
1437 2857 1521 2938 prius

340 2967 453 3022 autem·
470 2978 564 3041 quarn
581 2962 756 3024 lleinaiatm
772 2962 879 3025 ouilia
892 2981 1093 3044 usurparem,
1119 2981 1196 3025 mea
1211 2963 1251 3024 int
1267 2962 1444 3042 marginem
1464 2975 1520 3018 nut-

342 3079 443 3143 porae·
466 3073 541 3126 tuae
570 3062 725 3127 aditionisi
746 3065 938 3147 transcripta
967 3067 1000 3128 in
1030 3083 1145 3128 manus
1166 3065 1367 3128 Nomicenais
1389 3058 1517 3144 episcopi

283 3165 551 3246 stottadideram,
576 3177 615 3230 ut
634 3176 715 3230 teste
738 3156 783 3230 eo¹
805 3178 916 3231 uterer
937 3169 1093 3232 adsersus
1115 3169 1378 3247 malaurae,
1395 3164 1517 3230 nelorto

341 3287 426 3350 quac
445 3269 487 3332 ab
509 3271 637 3334 Heinsio
658 3282 911 3353 praeoccupatae
929 3283 1023 3335 erant
1043 3271 1284 3335 ornandationes
1311 3268 1413 3351 (quod
1423 3279 1517 3330 umen
1554 3287 1568 3362 *t

341 3373 398 3433 rin
417 3373 516 3436 mmet
539 3374 724 3455 iterumque
742 3375 896 3438 accidisse
918 3376 1021 3460 umet
1048 3395 1099 3440 me
1121 3375 1246 3456 abipso
1261 3373 1440 3455 sublegisse
1451 3369 1518 3432 tato

342 3476 574 3539 insimularent.
614 3477 702 3540 bona
719 3478 850 3559 quiden
870 3498 946 3560 pars
960 3481 1203 3542 licinsiananum
1219 3479 1447 3542 correctionum
1462 3479 1517 3537 iant·

339 3585 438 3641 antea
462 3581 501 3640 in
524 3582 608 3644 netis
636 3582 706 3644 aius
733 3581 778 3644 ad
796 3581 890 3644 ovid.
917 3581 1169 3646 attendissem.
1195 3583 1335 3664 sparsim
1359 3579 1511 3646 cutodita
1566 3627 1567 3640 .

339 3701 397 3764 ego
419 3684 481 3744 iam
504 3683 661 3746 Ononinm
684 3686 796 3767 cogito,
821 3696 858 3748 nt
878 3705 935 3748 san
956 3693 1079 3767 septem
1102 3685 1234 3749 codices
1248 3685 1383 3765 licmtii,
1404 3687 1457 3766 gni
1475 3681 1514 3743 ihi
1566 3655 1567 3699 ¹

337 3796 524 3866 servantur,
556 3770 717 3868 praesens
732 3789 891 3866 evclbam5
926 3787 980 3852 nbi
1003 3799 1053 3851 sat
1074 3789 1138 3852 scio
1161 3807 1241 3852 nova
1263 3809 1357 3871 seges
1378 3785 1513 3852 menda*

338 3889 459 3952 tionum
474 3902 663 3970 succrescet,
688 3894 752 3955 etsi·
763 3895 826 3955 ian
841 3901 989 3954 trecenta
999 3893 1136 3973 amplians
1151 3893 1322 3972 locavere,
1347 3903 1385 3956 ut
1398 3889 1511 3973 quiden

337 4011 442 4074 spero,
468 3995 660 4056 sanuserim.
706 3993 835 4076 siquid
857 3997 926 4077 opis
948 3997 1001 4057 vel
1023 3997 1093 4077 ipsa
1115 3996 1167 4058 val
1190 3995 1434 4076 ingeniosissimi
1462 3990 1512 4052 riri
1565 4038 1566 4084 ,

337 4095 426 4176 aprrd
451 4107 507 4158 vos
530 4099 766 4177 mascusius,
792 4099 944 4162 Francius
966 4110 1027 4162 eto.
1060 4099 1113 4161 vel
1135 4099 1282 4180 antiquos
1304 4099 1431 4162 cedices
1447 4093 1512 4160 sub·

338 4199 547 4262 ministrando
576 4203 628 4262 vel
651 4205 853 4284 coniecturas
876 4219 1002 4265 menum
1025 4202 1285 4266 mmmmtaatto
1307 4203 1394 4266 ierne
1414 4201 1511 4280 digm-

338 4311 468 4382 rentur,
501 4313 532 4366 et
562 4305 710 4386 priuatim
740 4316 773 4368 ct
802 4305 932 4388 publice
952 4309 1072 4388 accepti
1095 4304 1244 4368 beneficii
1269 4325 1391 4370 memet
1410 4320 1507 4368 essen

337 4407 424 4485 Vale,
450 4409 502 4468 vir
523 4409 815 4488 praestantissime,
834 4419 866 4472 et
888 4409 1051 4472 amdam
1073 4409 1234 4490 iuuenem,
1260 4411 1315 4491 qui
1338 4405 1506 4478 hasdolatt,

339 4510 534 4574 humanitate
558 4529 623 4592 qna
643 4531 754 4575 omnes
775 4513 863 4575 seles
880 4513 1004 4594 excipe.
1051 4511 1189 4576 tannim
1208 4511 1312 4595 April.
1338 4514 1368 4575 ὃ.
1395 4509 1476 4574 llil.

1559 5001 1563 5101 t
