3252 5130
360 409 433 482 620
754 423 798 485 Ex
820 442 917 487 nsunt
939 427 1147 487 Bsnoninsnst.

359 613 510 696 repapula
532 613 656 696 inripo:
681 615 782 675 minati
802 613 910 695 quibris
934 615 1083 697 inriparis
1107 614 1174 676 ilico
1193 621 1263 694 post
1282 612 1476 694 procumbant
1489 633 1537 694 pra

361 763 367 778 .
391 761 398 776 .
420 763 427 776 .
452 717 580 778 mortuis
603 715 766 780 immobiles
788 715 938 779 iacebunt.
985 718 1152 798 perienmt
1177 726 1243 778 tres
1265 716 1401 779 litterae.
1445 715 1536 778 scribe

358 837 486 899 proque.

446 955 504 1017 CL.
551 953 708 1036 Apuleius
731 957 800 1018 Met.
827 957 897 1018 x13
930 973 1043 1019 corona
1070 955 1265 1037 multiformis
1296 957 1397 1018 variis
1422 954 1537 1036 [lardus

360 1059 517 1121 sublimem
539 1059 728 1122 distinoeerat
750 1061 901 1136 verticem,
927 1061 1016 1122 ouius
1038 1059 1138 1121 media
1159 1059 1279 1140 quidem
1305 1077 1401 1140 super
1419 1057 1538 1138 frontem

356 1161 456 1242 plano
478 1161 653 1224 rotunditas
682 1164 714 1224 iu
743 1163 862 1224 modum
886 1161 1003 1245 speculi
1030 1163 1078 1224 oel
1106 1163 1194 1224 immo
1223 1169 1437 1244 arpamentum
1458 1161 1538 1222 lunae

360 1264 523 1326 candidum
546 1266 647 1326 lumen
670 1265 828 1329 emicabat.
875 1285 958 1346 qnae
981 1266 1124 1329 homines
1154 1263 1236 1326 docti
1260 1265 1465 1326 coniecerunt
1484 1283 1537 1324 non

359 1367 615 1429 conmemorabo:
649 1377 724 1432 sunt
751 1370 836 1430 enim
864 1368 1014 1432 absurda.
1061 1367 1269 1431 scribendum
1299 1377 1348 1428 ost
1377 1369 1409 1428 in
1431 1367 1539 1429 modum

360 1470 476 1552 speculi
496 1471 544 1532 ael
559 1471 646 1532 immo
661 1483 832 1552 argenteae
848 1471 950 1533 lrmoe.
990 1481 1171 1552 argenteam
1187 1471 1294 1533 lunam
1311 1471 1440 1552 Sappho
1455 1470 1537 1548 dixit,

361 1572 446 1654 quod
469 1572 610 1635 lulianus
633 1574 768 1655 epistula
795 1575 832 1635 48
857 1573 942 1637 haud
966 1585 1051 1636 recte
1074 1575 1222 1655 explieat.
1270 1574 1318 1635 uel
1347 1575 1455 1654 immo,
1485 1593 1539 1654 qno

361 1677 539 1757 Cyprianus
561 1678 690 1757 saepius
712 1679 821 1755 utitur,
847 1675 1002 1758 Apuleius
1024 1676 1121 1740 habet
1142 1695 1173 1738 xi
1195 1677 1248 1738 24.

447 1813 518 1875 CLl.
566 1814 740 1876 Eumenius
763 1833 820 1893 pro
844 1815 1060 1878 restaurandis
1082 1815 1198 1877 scholis
1219 1833 1288 1895 cap.
1315 1815 1332 1875 l
1357 1823 1429 1876 ante
1450 1817 1539 1876 omnio

361 1919 465 1999 mitur,
491 1917 541 1978 vir
560 1915 790 1998 perfectissime,
816 1917 938 1979 divinae
953 1920 1171 2000 imperatorum
1189 1919 1417 1999 Caesarumque
1431 1925 1540 1980 nostro-

362 2039 432 2080 rum
451 2019 663 2101 prouidentiae
692 2019 904 2102 sinpularique
932 2021 963 2080 in
992 2039 1047 2081 nos
1076 2019 1297 2082 benevolentiae
1321 2019 1414 2082 leuius
1436 2039 1540 2102 proque

360 2124 461 2204 operis
485 2124 707 2184 instauratione
718 2123 893 2202 parendum
909 2131 963 2199 est,
988 2125 1042 2204 qui
1056 2125 1206 2184 civitatem
1224 2125 1325 2199 istam,
1351 2131 1379 2186 et
1394 2125 1465 2186 olim
1477 2123 1541 2204 sru-

361 2233 447 2288 terno
467 2225 574 2308 populi
594 2226 724 2286 Romani
744 2226 863 2286 nomine
883 2227 1048 2308 ploriatam
1069 2233 1098 2287 et
1119 2234 1190 2288 tune
1216 2225 1335 2288 demum
1362 2229 1540 2310 pronissimo

361 2328 447 2391 clade
465 2328 641 2409 permiram
663 2347 730 2390 eum
746 2327 904 2390 latrocinio
920 2327 1113 2390 Bnoaudiaae
1129 2327 1299 2392 rebellionis
1314 2329 1439 2394 obsessa
1453 2331 1540 2392 auai-

361 2432 435 2493 lium
456 2432 586 2492 Romani
602 2431 754 2512 principis
777 2432 941 2513 amparet,
965 2450 1025 2492 non
1048 2432 1145 2493 solum
1164 2450 1222 2512 pro
1238 2433 1445 2495 admiratione
1460 2435 1541 2494 ooen'-
1608 2469 1609 2541 p

361 2543 476 2613 torum,
513 2532 567 2595 sed
593 2535 686 2594 etiam
710 2553 769 2614 pro
798 2534 992 2595 miseratione
1019 2551 1148 2596 casuum
1177 2535 1314 2596 attollere
1341 2555 1379 2597 aa
1409 2555 1541 2598 recreare

361 2637 524 2699 uoluerunt
556 2638 713 2718 ipsamque
750 2637 916 2697 ruinarum
950 2637 1016 2698 eius
1050 2636 1289 2719 mapnitudiuem
1330 2638 1540 2700 immortalibus

362 2740 557 2802 liberalitatis
580 2757 657 2801 suae
679 2743 877 2801 monumentis
900 2739 1023 2822 dianam
1050 2739 1277 2817 iudi'onverrmt‚
1308 2747 1343 2802 ut
1370 2749 1453 2803 tanto
1474 2749 1540 2802 esset

361 2843 513 2904 illustrior
533 2843 635 2926 plorio
656 2844 865 2904 restitutorum
886 2851 996 2924 meanto
1020 2845 1089 2924 ipsa
1105 2843 1196 2904 moles
1220 2844 1418 2906 restitutionis
1440 2846 1540 2905 imma·

360 2948 440 3006 nior.
474 2945 598 3007 inutilis
614 2954 647 3006 et
661 2943 738 3007 ialsa
754 2954 803 3006 est
825 2946 930 3026 opinio
947 2944 1122 3008 Marklandi
1140 2947 1172 3006 in
1188 2945 1392 3008 adnotatione
1406 2944 1447 3007 ad
1459 2947 1538 3008 Statii

361 3049 520 3110 Silvarum
542 3066 572 3108 iv
589 3050 607 3107 6
625 3047 664 3108 65
689 3049 911 3111 instauratione
930 3049 1105 3130 parendum
1130 3050 1162 3109 in
1180 3050 1363 3110 instauratio
1388 3047 1538 3130 reserenda

360 3149 546 3212 mutandum
565 3169 634 3212 esse
648 3151 883 3231 praecipientis.
910 3151 967 3214 sed
983 3171 1055 3214 mox
1070 3153 1198 3212 omnino
1213 3150 1391 3214 absurdum
1407 3161 1455 3214 est
1467 3153 1539 3212 irro-

362 3261 460 3336 9aret.
507 3252 711 3315 scribendum
736 3261 783 3315 est
805 3256 894 3316 irrito
917 3263 1049 3336 roparet.
1097 3252 1213 3316 irustra
1237 3256 1323 3316 enim
1346 3253 1539 3336 Augustodu—
1606 3279 1607 3357 p

361 3374 477 3418 nenses
501 3354 624 3418 Claudii
648 3357 846 3438 imperatoris
867 3358 1021 3418 auxilium
1037 3376 1163 3437 rogasse
1180 3377 1215 3420 ea
1231 3358 1346 3420 docent
1367 3377 1448 3438 quae
1464 3357 1537 3418 idem

305 3461 536 3522 trsEumenius
559 3447 599 3520 in'
623 3459 801 3522 Gratiarum
825 3461 948 3521 actione
966 3459 1167 3522 Constantino
1191 3459 1273 3521 dicta
1296 3479 1366 3541 cap.
1387 3463 1404 3522 i
1429 3467 1534 3521 narrat.

363 3565 463 3638 irrito,
489 3561 574 3642 quod
597 3559 637 3622 ab
660 3562 731 3623 aliis
753 3581 815 3623 non
839 3561 968 3624 videtur
991 3564 1151 3644 usurpari,
1178 3563 1262 3624 idem
1287 3565 1320 3624 in
1344 3562 1455 3626 eadem
1470 3562 1537 3622 Gra-

360 3667 476 3727 tiarum
499 3666 620 3726 actione
643 3664 725 3726 dixit
747 3684 815 3746 cap.
844 3666 894 3744 ll,
914 3665 946 3726 id
966 3665 1046 3746 quod
1061 3667 1149 3727 irrito
1163 3665 1332 3746 petebatur.
1379 3675 1427 3730 est
1442 3675 1536 3727 antem

362 3769 450 3831 irrito
473 3766 513 3830 ad
537 3768 725 3829 sententiam
752 3768 978 3830 necessarium.

447 3904 532 3966 CLll.
578 3902 739 3968 Ausonius
767 3907 800 3965 in
825 3905 1004 3968 Gratiarum
1031 3907 1153 3967 actione
1176 3925 1208 3986 p.
1228 3905 1289 3966 703
1314 3907 1350 3968 Τ.
1374 3907 1536 3968 consulatus

360 4009 408 4070 bic
429 4025 512 4070 meus
535 4015 605 4069 orat
627 4016 716 4090 estque
738 4007 876 4071 obsecrat
896 4017 930 4070 ut
951 4008 1117 4070 obnooeiam
1139 4007 1195 4071 tibi
1214 4011 1274 4070 uni
1292 4011 1379 4072 sinas
1397 4010 1468 4089 fieri
1481 4011 1534 4068 eius

361 4112 536 4193 dipnitatem
558 4129 646 4192 quem
668 4110 805 4173 omnibus
824 4111 1010 4191 praetulisti.
1057 4117 1129 4192 quot
1149 4111 1270 4192 qtoidem
1293 4119 1320 4172 et
1343 4113 1405 4192 ipse
1425 4109 1483 4174 sibi
1495 4112 1534 4170 in-

361 4216 442 4275 venit
461 4213 591 4296 prodas.
638 4216 843 4294 persequitur
865 4212 983 4275 deinde
1007 4214 1063 4275 hos
1086 4213 1204 4294 gradus
1227 4223 1396 4295 partesque
1419 4213 1533 4276 honoris

361 4327 393 4378 et
416 4316 585 4380 solicitatis.
632 4325 702 4398 quot
724 4317 821 4378 Tollio
844 4315 995 4378 debetur:
1023 4317 1176 4396 seriptum
1193 4327 1262 4378 erat
1281 4317 1371 4400 quod.
1415 4315 1470 4378 sed
1483 4314 1531 4376 sibi

361 4421 476 4481 r'nronit
502 4438 564 4480 non
594 4420 744 4500 intellego
775 4417 967 4499 videturque
996 4419 1074 4481 mihi
1103 4418 1265 4482 Ausonius
1298 4422 1460 4502 scripsisse
1484 4415 1534 4478 sibi

362 4523 477 4584 intumit.
526 4522 652 4584 dixerat
673 4533 763 4585 antea
788 4542 819 4602 p.
839 4523 901 4586 702
925 4529 966 4584 tot
990 4521 1109 4606 prodas
1131 4524 1248 4586 sortitis
1268 4531 1393 4606 propter
1420 4531 1470 4584 tua
1492 4523 1531 4580 io·
