3182 5132
574 478 744 544 Ammon.
1182 469 1256 544 413

82 671 214 734 versibus
236 674 300 753 quo
323 673 481 735 sententia
503 689 612 734 eorum
628 681 874 734 consummetur.
922 671 1004 736 fiunt
1017 675 1257 762 outemsintegri

82 777 104 836 si
126 777 162 836 ite
184 773 379 838 scribuntur.

221 880 284 942 inm
303 877 426 960 pridem
444 896 502 959 pos
525 885 611 960 terpo
633 877 712 940 diem
734 879 885 961 solemque
908 879 1078 959 relincunt,

220 983 283 1045 inm
301 981 425 1064 pridem
446 983 526 1044 notis
549 989 691 1043 eostorres
710 980 823 1062 finibus
846 980 928 1044 orbis

216 1105 276 1167 per
297 1103 359 1146 non
381 1103 539 1148 concessos
561 1084 694 1148 audaces
718 1086 763 1148 ire
786 1085 926 1151 tenebras

220 1189 260 1252 ad
284 1207 392 1250 rerum
415 1196 510 1251 metus
533 1196 731 1269 entremuque
753 1189 845 1251 titoro
866 1189 983 1251 mundi.

80 1309 172 1353 renem
198 1301 293 1356 metus
317 1291 399 1354 Pedo
422 1291 501 1354 dicit
523 1290 602 1354 fines
626 1310 735 1354 rerum
757 1301 890 1355 naturae
913 1293 1126 1373 similiterque
1149 1303 1257 1376 postes

79 1394 220 1476 loquitur,
251 1395 287 1458 di
314 1402 460 1459 revocent
487 1413 651 1476 rerumque
680 1401 782 1457 vetunt
804 1413 980 1478 copnoscere
999 1396 1089 1476 finem
1112 1397 1258 1460 Mortales

80 1499 187 1561 oeulos:
215 1498 323 1580 paullo
351 1499 444 1560 aliter
466 1497 588 1561 eisdem
612 1497 675 1560 iilis
697 1497 806 1560 verbis
829 1497 988 1578 Vergilius
1010 1496 1090 1562 Aen.
1111 1498 1199 1561 1278
1224 1501 1258 1562 in

80 1601 150 1664 iovis
170 1603 309 1664 oratione
332 1604 443 1681 utitur,
469 1601 517 1664 itis
539 1621 590 1684 epo
614 1619 668 1664 nec
689 1608 783 1664 metus
806 1619 913 1663 rerum
935 1621 989 1664 neo
1010 1610 1146 1684 temporo
1157 1621 1256 1684 pono:

79 1705 230 1785 Imperium
253 1706 321 1767 sine
339 1705 400 1786 fine
421 1704 501 1768 dedi.

154 1808 311 1872 Secuntur
332 1807 419 1889 apud
442 1809 594 1871 Senecam
617 1809 651 1871 hi
674 1825 788 1872 versus
810 1808 955 1888 Pedonis

220 1931 302 1974 nunc
324 1911 411 1974 ilium
435 1911 549 1995 (pipris
571 1913 719 1974 immunia
740 1919 880 1974 monstro
902 1911 958 1975 sub
980 1911 1088 1995 undis)

219 2016 272 2098 qui
289 2013 375 2096 ferat
398 2015 562 2093 Oceanum,
587 2017 642 2097 qui
662 2033 772 2078 suevus
795 2014 930 2098 undique
948 2017 1059 2097 pristis

218 2135 440 2200 aequoreosque
461 2137 553 2182 onnes
576 2117 695 2180 ratibus
717 2138 900 2202 cousuryere
918 2121 1056 2201 prensis.

79 2221 202 2299 pessime
232 2222 311 2283 haec
338 2223 435 2302 vulgo
466 2223 756 2303 interpungnntus:
791 2224 831 2284 ite
861 2231 894 2284 ut
924 2222 984 2284 ieci
1008 2221 1155 2285 distincto
1180 2220 1258 2284 ferri

80 2334 198 2401 possum
225 2345 333 2407 neque
363 2343 442 2405 opus
471 2333 519 2386 est
546 2326 775 2406 nequicquam
799 2333 950 2388 mutetur.
998 2328 1129 2388 minime
1152 2335 1257 2389 autem

79 2423 147 2488 nunc
168 2428 253 2490 ilium
275 2427 482 2492 scribendum
506 2437 583 2490 eret.
618 2442 620 2445 ·

155 2531 363 2595 continuetur
386 2550 512 2594 carmen
536 2533 590 2611 ite,

221 2635 395 2699 accumulo-t
412 2633 523 2717 sropor
547 2637 611 2716 ipse
632 2643 740 2698 metus.
787 2637 850 2698 ium
872 2636 973 2698 sidere
996 2637 1065 2698 timo

222 2739 348 2822 novipiu
370 2745 399 2800 et
419 2737 530 2819 rapido
553 2739 705 2803 desertum
725 2739 850 2820 (iumine
873 2727 1007 2802 classem¹

221 2859 310 2923 seque
328 2840 408 2923 seris
430 2841 561 2904 credunt
577 2861 637 2924 per
659 2844 772 2905 inertia
791 2841 861 2924 fotu
882 2843 1014 2905 morinis
1268 2857 1318 2907 sm

222 2953 283 3007 torn
305 2963 366 3006 non
385 2942 473 3025 felici
493 2945 657 3008 laniandos
679 2953 760 3009 sorte
782 2946 927 3027 relinqui.

220 3055 309 3130 utque
331 3047 444 3130 atronis
463 3067 564 3130 prora
582 3049 718 3130 pendens
740 3048 881 3112 sublimis
903 3047 942 3111 ab
964 3050 1030 3112 otto

221 3171 298 3214 cero
316 3153 453 3235 pnptoci
474 3152 606 3215 luctatus
628 3171 772 3234 rumpere
794 3156 877 3230 visu,

219 3262 254 3318 ut
275 3253 352 3317 otttt
374 3262 473 3336 erepto
496 3255 597 3319 voluit
617 3255 775 3319 dinoscere
796 3255 921 3333 mundo,

220 3357 374 3420 obstructo
396 3360 429 3420 in
451 3358 522 3422 tuiis
545 3358 674 3440 effundit
692 3368 818 3441 pectora
840 3377 937 3421 voces.

84 3461 156 3539 quod
177 3481 273 3525 versu
297 3463 389 3524 tertio
412 3461 564 3525 dicuutur
585 3463 698 3525 inertie
717 3463 797 3546 sato,
823 3463 938 3525 similia
955 3463 1116 3544 leguntur,
1141 3483 1182 3526 ne
1198 3465 1259 3526 alie

82 3580 248 3645 memorem,
274 3563 362 3645 opud
376 3564 526 3628 Ovidium
542 3567 613 3628 Met.
633 3584 674 3628 vu
691 3566 763 3644 titt,
790 3567 881 3649 yemit
896 3566 951 3628 teto
966 3568 1137 3629 moriturus
1155 3569 1256 3645 inerti,

83 3673 108 3726 ct
126 3668 206 3748 opud
219 3668 381 3732 Valerium
397 3669 540 3732 Fleocum
557 3687 567 3729 ι
584 3670 657 3749 633,
682 3669 756 3733 ioco
778 3670 892 3732 iterent
913 3671 999 3752 sepm‘
1017 3669 1122 3748 (tentes
1139 3689 1259 3733 oecum-

82 3765 139 3832 bere
159 3771 223 3835 tcto.
270 3772 416 3834 ultimum
439 3789 580 3851 versum,
607 3773 639 3833 in
662 3792 726 3853 quo
741 3772 959 3836 Bruxelleusis
975 3770 1057 3834 liber
1072 3771 1260 3836 obstructum

82 3871 141 3935 niis
162 3883 192 3936 et
208 3883 329 3957 pectore
351 3875 464 3955 hebet,
495 3875 670 3939 Bursienus
694 3883 779 3937 recte
803 3873 996 3938 emendavit.
1043 3877 1149 3938 minus
1172 3886 1258 3939 recte

79 3975 198 4052 pendens
220 3977 371 4041 Gronovii
400 3979 539 4060 recepit,
570 3977 657 4060 quod
679 3980 814 4041 nimium
838 3976 933 4041 distet
954 3978 996 4040 ob
1017 3980 1148 4059 entique
1171 3980 1260 4041 lino-¹

83 4093 172 4142 mcum
202 4084 365 4146 memorie.
413 4101 453 4144 ex
475 4081 547 4145 aliis
570 4081 733 4145 codicibus
756 4081 947 4146 adferuntur
968 4082 1055 4144 sedot
1076 4083 1128 4143 vel
1151 4101 1183 4146 se
1205 4081 1260 4145 dot

82 4187 107 4240 ti
131 4193 253 4265 spectet,
286 4185 505 4250 Bruxellensis
534 4185 644 4249 cedunt
672 4184 787 4267 hebet,
818 4185 905 4249 unde
936 4186 990 4248 illa
1019 4184 1093 4248 rudi
1124 4185 1259 4248 artificio

82 4279 252 4353 factasunt.
300 4289 359 4353 sed
381 4297 483 4371 potest
506 4290 616 4353 cedunt
638 4288 702 4353 leni
723 4287 945 4352 emendatione
963 4287 1137 4352 emendari.
1178 4291 1258 4352 scri-

80 4388 133 4464 psit
152 4391 229 4454 Pedo

217 4505 306 4580 otqtee
328 4498 442 4579 uliquis
461 4516 562 4579 proro
585 4515 713 4560 coecum
736 4495 876 4559 sublimis
899 4493 937 4557 ob
959 4495 1025 4558 utto

218 4620 293 4663 uero
313 4601 451 4685 pupuoci
472 4601 604 4664 indutus
627 4619 771 4682 rumpere
793 4602 873 4664 uisu.

126 4711 235 4768 Hsoptit
252 4717 363 4770 opusculis
376 4717 416 4761 ΠΙ.
1014 4720 1046 4771 27
