<?xml version="1.0" encoding="UTF-8"?>
<!DOCTYPE html PUBLIC "-//W3C//DTD XHTML 1.0 Transitional//EN"
    "http://www.w3.org/TR/xhtml1/DTD/xhtml1-transitional.dtd">
<html xmlns="http://www.w3.org/1999/xhtml" xml:lang="en" lang="en">
 <head>
  <title>
</title>
<meta http-equiv="Content-Type" content="text/html;charset=utf-8" />
  <meta name='ocr-system' content='tesseract 3.04.00' />
  <meta name='ocr-capabilities' content='ocr_page ocr_carea ocr_par ocr_line ocrx_word'/>
</head>
<body>
  <div class='ocr_page' id='page_1' title='image "./mavriciihavptii01haupgoog/mavriciihavptii01haupgoog_0466.png"; bbox 0 0 3182 5132; ppageno 0'>
   <div class='ocr_carea' id='block_1_1' title="bbox 523 415 1252 493">
    <p class='ocr_par' dir='ltr' id='par_1_1' title="bbox 523 415 1252 493">
     <span class='ocr_line' id='line_1_1' title="bbox 523 415 1252 493; baseline 0.011 -9"><span class='ocrx_word' id='word_1_1' title='bbox 523 448 542 484; x_wconf 88' lang='lat'><strong>.&#39;</strong></span> <span class='ocrx_word' id='word_1_2' title='bbox 590 432 710 493; x_wconf 53' lang='lat' dir='ltr'><strong>‘Vastus</strong></span> <span class='ocrx_word' id='word_1_3' title='bbox 828 456 831 467; x_wconf 70' lang='lat'><em>¹</em></span> <span class='ocrx_word' id='word_1_4' title='bbox 1165 415 1252 493; x_wconf 73' lang='lat'><strong>4531</strong></span> 
     </span>
    </p>
   </div>
   <div class='ocr_carea' id='block_1_2' title="bbox 54 621 1283 4626">
    <p class='ocr_par' dir='ltr' id='par_1_2' title="bbox 61 621 1283 1426">
     <span class='ocr_line' id='line_1_2' title="bbox 64 621 1235 707; baseline 0.005 -25"><span class='ocrx_word' id='word_1_5' title='bbox 64 621 128 684; x_wconf 75' lang='lat' dir='ltr'><strong>litu</strong></span> <span class='ocrx_word' id='word_1_6' title='bbox 148 631 230 684; x_wconf 83' lang='lat' dir='ltr'><strong>recte</strong></span> <span class='ocrx_word' id='word_1_7' title='bbox 242 622 404 702; x_wconf 66' lang='lat' dir='ltr'><strong>sempsit,</strong></span> <span class='ocrx_word' id='word_1_8' title='bbox 423 621 486 684; x_wconf 83' lang='lat' dir='ltr'><strong>sad·</strong></span> <span class='ocrx_word' id='word_1_9' title='bbox 499 638 567 684; x_wconf 85' lang='lat' dir='ltr'><strong>nan</strong></span> <span class='ocrx_word' id='word_1_10' title='bbox 592 631 680 683; x_wconf 85' lang='lat' dir='ltr'><strong>recle</strong></span> <span class='ocrx_word' id='word_1_11' title='bbox 700 622 881 688; x_wconf 73' lang='lat' dir='ltr'><strong>adtendunt</strong></span> <span class='ocrx_word' id='word_1_12' title='bbox 907 623 1073 692; x_wconf 73' lang='lat' dir='ltr'><strong>hncunirn</strong></span> <span class='ocrx_word' id='word_1_13' title='bbox 1085 625 1235 707; x_wconf 68' lang='lat' dir='ltr'><strong>‘&#39;magunt,</strong></span> 
     </span>
     <span class='ocr_line' id='line_1_3' title="bbox 65 714 1283 808; baseline 0.002 -20"><span class='ocrx_word' id='word_1_14' title='bbox 65 726 100 789; x_wconf 86' lang='lat' dir='ltr'><strong>ed</strong></span> <span class='ocrx_word' id='word_1_15' title='bbox 123 714 330 806; x_wconf 59' lang='grc' dir='ltr'><strong>ειὴνὶεινίεειθ</strong></span> <span class='ocrx_word' id='word_1_16' title='bbox 363 735 473 788; x_wconf 81' lang='lat' dir='ltr'><strong>autam</strong></span> <span class='ocrx_word' id='word_1_17' title='bbox 500 723 725 788; x_wconf 82' lang='lat' dir='ltr'><strong>adiciendum·</strong></span> <span class='ocrx_word' id='word_1_18' title='bbox 738 734 806 788; x_wconf 77' lang='lat' dir='ltr'><strong>erut</strong></span> <span class='ocrx_word' id='word_1_19' title='bbox 827 723 913 806; x_wconf 80' lang='lat' dir='ltr'><strong>quau</strong></span> <span class='ocrx_word' id='word_1_20' title='bbox 927 751 930 770; x_wconf 77' lang='lat'><strong>¹</strong></span> <span class='ocrx_word' id='word_1_21' title='bbox 946 729 1283 808; x_wconf 74' lang='lat' dir='ltr'><strong>appositum‘essetse</strong></span> 
     </span>
     <span class='ocr_line' id='line_1_4' title="bbox 63 827 1241 910; baseline 0.003 -20"><span class='ocrx_word' id='word_1_22' title='bbox 63 829 184 910; x_wconf 79' lang='lat' dir='ltr'><strong>gaudiis.</strong></span> <span class='ocrx_word' id='word_1_23' title='bbox 229 845 271 890; x_wconf 81' lang='lat' dir='ltr'><strong>ex</strong></span> <span class='ocrx_word' id='word_1_24' title='bbox 299 827 411 891; x_wconf 79' lang='lat' dir='ltr'><strong>ecdice-</strong></span> <span class='ocrx_word' id='word_1_25' title='bbox 430 829 510 890; x_wconf 81' lang='lat' dir='ltr'><strong>hacc</strong></span> <span class='ocrx_word' id='word_1_26' title='bbox 528 827 676 909; x_wconf 80' lang='lat' dir='ltr'><strong>prnuriil,</strong></span> <span class='ocrx_word' id='word_1_27' title='bbox 710 845 823 890; x_wconf 81' lang='lat' dir='ltr'><strong>curum</strong></span> <span class='ocrx_word' id='word_1_28' title='bbox 853 828 1009 892; x_wconf 70' lang='lat' dir='ltr'><strong>attracta</strong></span> <span class='ocrx_word' id='word_1_29' title='bbox 1035 833 1070 892; x_wconf 82' lang='lat' dir='ltr'><strong>ni</strong></span> <span class='ocrx_word' id='word_1_30' title='bbox 1096 842 1241 894; x_wconf 79' lang='lat' dir='ltr'><strong>s&#39;a·ttultc</strong></span> 
     </span>
     <span class='ocr_line' id='line_1_5' title="bbox 61 930 1240 1016; baseline 0.004 -24"><span class='ocrx_word' id='word_1_31' title='bbox 61 933 206 994; x_wconf 74' lang='grc' dir='ltr'><strong>ιαὸειινν.</strong></span> <span class='ocrx_word' id='word_1_32' title='bbox 232 930 340 994; x_wconf 76' lang='grc' dir='ltr'><strong>εειίιιιν</strong></span> <span class='ocrx_word' id='word_1_33' title='bbox 354 932 463 1013; x_wconf 82' lang='lat' dir='ltr'><strong>paullo</strong></span> <span class='ocrx_word' id='word_1_34' title='bbox 484 940 555 994; x_wconf 79' lang='lat' dir='ltr'><strong>autc</strong></span> <span class='ocrx_word' id='word_1_35' title='bbox 576 933 634 994; x_wconf 86' lang='lat' dir='ltr'><strong>soti</strong></span> <span class='ocrx_word' id='word_1_36' title='bbox 655 931 972 1014; x_wconf 70' lang='lat' dir='ltr'><strong>mvidmmfclicitutis</strong></span> <span class='ocrx_word' id='word_1_37' title='bbox 991 931 1240 1016; x_wconf 70' lang='lat' dir='ltr'><strong>trclctcitqncs</strong></span> 
     </span>
     <span class='ocr_line' id='line_1_6' title="bbox 63 1034 1239 1118; baseline 0.002 -22"><span class='ocrx_word' id='word_1_38' title='bbox 63 1054 133 1098; x_wconf 86' lang='lat' dir='ltr'><strong>mers</strong></span> <span class='ocrx_word' id='word_1_39' title='bbox 152 1034 354 1116; x_wconf 59' lang='lat' dir='ltr'><strong>substituisset</strong></span> <span class='ocrx_word' id='word_1_40' title='bbox 375 1037 554 1114; x_wconf 84' lang='lat' dir='ltr'><strong>aerumnis,</strong></span> <span class='ocrx_word' id='word_1_41' title='bbox 582 1035 781 1098; x_wconf 77' lang='lat' dir='ltr'><strong>miserabiles</strong></span> <span class='ocrx_word' id='word_1_42' title='bbox 803 1053 884 1098; x_wconf 81' lang='lat' dir='ltr'><strong>nunc</strong></span> <span class='ocrx_word' id='word_1_43' title='bbox 906 1035 1056 1098; x_wconf 68' lang='lat' dir='ltr'><strong>tubertus·</strong></span> <span class='ocrx_word' id='word_1_44' title='bbox 1077 1045 1156 1118; x_wconf 79' lang='lat' dir='ltr'><strong>quet</strong></span> <span class='ocrx_word' id='word_1_45' title='bbox 1175 1037 1239 1098; x_wconf 85' lang='lat' dir='ltr'><strong>citu</strong></span> 
     </span>
     <span class='ocr_line' id='line_1_7' title="bbox 61 1131 1239 1220; baseline 0.003 -22"><span class='ocrx_word' id='word_1_46' title='bbox 61 1158 114 1200; x_wconf 81' lang='lat' dir='ltr'><strong>aut</strong></span> <span class='ocrx_word' id='word_1_47' title='bbox 132 1139 302 1201; x_wconf 71' lang='lat' dir='ltr'><em>reservavit</em></span> <span class='ocrx_word' id='word_1_48' title='bbox 327 1137 374 1207; x_wconf 80' lang='lat' dir='ltr'><strong>itis</strong></span> <span class='ocrx_word' id='word_1_49' title='bbox 401 1139 535 1220; x_wconf 73' lang='lat' dir='ltr'><strong>pacatis.</strong></span> <span class='ocrx_word' id='word_1_50' title='bbox 575 1138 695 1204; x_wconf 84' lang='lat' dir='ltr'><strong>codicis</strong></span> <span class='ocrx_word' id='word_1_51' title='bbox 720 1139 800 1201; x_wconf 89' lang='lat' dir='ltr'><strong>iliud</strong></span> <span class='ocrx_word' id='word_1_52' title='bbox 828 1137 864 1200; x_wconf 81' lang='lat' dir='ltr'><strong>n&#39;i</strong></span> <span class='ocrx_word' id='word_1_53' title='bbox 889 1155 921 1201; x_wconf 84' lang='lat' dir='ltr'><strong>sc</strong></span> <span class='ocrx_word' id='word_1_54' title='bbox 949 1143 1105 1204; x_wconf 82' lang='lat' dir='ltr'><strong>aut&#39;misc</strong></span> <span class='ocrx_word' id='word_1_55' title='bbox 1128 1149 1175 1201; x_wconf 88' lang='grc' dir='ltr'><strong>εει</strong></span> <span class='ocrx_word' id='word_1_56' title='bbox 1193 1131 1239 1202; x_wconf 67' lang='grc' dir='ltr'><strong>ενι</strong></span> 
     </span>
     <span class='ocr_line' id='line_1_8' title="bbox 62 1241 1262 1322; baseline 0.002 -20"><span class='ocrx_word' id='word_1_57' title='bbox 62 1241 203 1304; x_wconf 80' lang='lat' dir='ltr'><strong>mirabiles</strong></span> <span class='ocrx_word' id='word_1_58' title='bbox 224 1241 298 1306; x_wconf 86' lang='lat' dir='ltr'><strong>clim</strong></span> <span class='ocrx_word' id='word_1_59' title='bbox 321 1241 516 1322; x_wconf 82' lang='lat' dir='ltr'><strong>adscriptum</strong></span> <span class='ocrx_word' id='word_1_60' title='bbox 528 1253 592 1304; x_wconf 47' lang='lat' dir='ltr'><strong>‘aut</strong></span> <span class='ocrx_word' id='word_1_61' title='bbox 614 1242 745 1309; x_wconf 75' lang='lat' dir='ltr'><strong>tortasse</strong></span> <span class='ocrx_word' id='word_1_62' title='bbox 767 1244 816 1306; x_wconf 81' lang='lat' dir='ltr'><strong>aia</strong></span> <span class='ocrx_word' id='word_1_63' title='bbox 836 1259 910 1307; x_wconf 75' lang='lat' dir='ltr'><strong>uun</strong></span> <span class='ocrx_word' id='word_1_64' title='bbox 924 1251 1048 1314; x_wconf 73' lang='lat' dir='ltr'><strong>&#39;aarum</strong></span> <span class='ocrx_word' id='word_1_65' title='bbox 1063 1243 1114 1304; x_wconf 81' lang='lat' dir='ltr'><strong>vel</strong></span> <span class='ocrx_word' id='word_1_66' title='bbox 1129 1255 1262 1304; x_wconf 40' lang='lat' dir='ltr'><strong>struma</strong></span> 
     </span>
     <span class='ocr_line' id='line_1_9' title="bbox 61 1343 1235 1426; baseline 0.002 -20"><span class='ocrx_word' id='word_1_67' title='bbox 61 1343 321 1426; x_wconf 74' lang='lat' dir='ltr'><strong>coniungendam:</strong></span> <span class='ocrx_word' id='word_1_68' title='bbox 349 1355 472 1408; x_wconf 86' lang='lat' dir='ltr'><strong>certum</strong></span> <span class='ocrx_word' id='word_1_69' title='bbox 487 1355 536 1408; x_wconf 89' lang='lat' dir='ltr'><strong>cst</strong></span> <span class='ocrx_word' id='word_1_70' title='bbox 557 1345 704 1408; x_wconf 86' lang='lat' dir='ltr'><strong>turbasse</strong></span> <span class='ocrx_word' id='word_1_71' title='bbox 719 1347 775 1409; x_wconf 86' lang='lat' dir='ltr'><strong>iric</strong></span> <span class='ocrx_word' id='word_1_72' title='bbox 789 1355 843 1408; x_wconf 89' lang='lat' dir='ltr'><strong>aut</strong></span> <span class='ocrx_word' id='word_1_73' title='bbox 858 1344 1025 1408; x_wconf 84' lang='lat' dir='ltr'><strong>librarium</strong></span> <span class='ocrx_word' id='word_1_74' title='bbox 1039 1356 1094 1408; x_wconf 86' lang='lat' dir='ltr'><strong>aut</strong></span> <span class='ocrx_word' id='word_1_75' title='bbox 1110 1347 1235 1411; x_wconf 69' lang='lat' dir='ltr'><strong>naum:</strong></span> 
     </span>
    </p>

    <p class='ocr_par' dir='ltr' id='par_1_3' title="bbox 56 1449 1265 3473">
     <span class='ocr_line' id='line_1_10' title="bbox 138 1449 1238 1530; baseline 0.003 -21"><span class='ocrx_word' id='word_1_76' title='bbox 138 1449 186 1510; x_wconf 77' lang='lat' dir='ltr'><strong>lx.</strong></span> <span class='ocrx_word' id='word_1_77' title='bbox 232 1449 449 1520; x_wconf 81' lang='lat' dir='ltr'><strong>Quintilianus</strong></span> <span class='ocrx_word' id='word_1_78' title='bbox 471 1461 500 1508; x_wconf 86' lang='grc' dir='ltr'><strong>νι</strong></span> <span class='ocrx_word' id='word_1_79' title='bbox 515 1449 533 1508; x_wconf 89' lang='lat'><strong>3</strong></span> <span class='ocrx_word' id='word_1_80' title='bbox 551 1451 593 1510; x_wconf 73' lang='lat' dir='ltr'><strong>aa</strong></span> <span class='ocrx_word' id='word_1_81' title='bbox 615 1460 733 1511; x_wconf 82' lang='lat' dir='ltr'><strong>narrat</strong></span> <span class='ocrx_word' id='word_1_82' title='bbox 755 1449 937 1511; x_wconf 70' lang='lat' dir='ltr'><strong>Cmercucm</strong></span> <span class='ocrx_word' id='word_1_83' title='bbox 967 1465 1064 1512; x_wconf 84' lang='lat' dir='ltr'><strong>versu</strong></span> <span class='ocrx_word' id='word_1_84' title='bbox 1087 1466 1128 1510; x_wconf 82' lang='lat' dir='ltr'><strong>etr-</strong></span> <span class='ocrx_word' id='word_1_85' title='bbox 1149 1460 1238 1530; x_wconf 84' lang='lat' dir='ltr'><strong>parte</strong></span> 
     </span>
     <span class='ocr_line' id='line_1_11' title="bbox 62 1550 1265 1634; baseline 0 -22"><span class='ocrx_word' id='word_1_86' title='bbox 62 1561 166 1614; x_wconf 82' lang='lat' dir='ltr'><strong>mulalu</strong></span> <span class='ocrx_word' id='word_1_87' title='bbox 186 1569 281 1614; x_wconf 91' lang='lat' dir='ltr'><strong>usum</strong></span> <span class='ocrx_word' id='word_1_88' title='bbox 303 1569 374 1613; x_wconf 85' lang='lat' dir='ltr'><strong>esse</strong></span> <span class='ocrx_word' id='word_1_89' title='bbox 397 1553 430 1617; x_wconf 83' lang='lat' dir='ltr'><strong>ia</strong></span> <span class='ocrx_word' id='word_1_90' title='bbox 451 1568 521 1613; x_wconf 82' lang='lat' dir='ltr'><strong>cum</strong></span> <span class='ocrx_word' id='word_1_91' title='bbox 542 1554 605 1634; x_wconf 82' lang='lat' dir='ltr'><strong>qui,</strong></span> <span class='ocrx_word' id='word_1_92' title='bbox 629 1572 698 1615; x_wconf 83' lang='lat' dir='ltr'><strong>uum</strong></span> <span class='ocrx_word' id='word_1_93' title='bbox 719 1553 1031 1615; x_wconf 46' lang='lat' dir='ltr'><strong>accelerassemus</strong></span> <span class='ocrx_word' id='word_1_94' title='bbox 1053 1550 1265 1615; x_wconf 67' lang='lat' dir='ltr'><strong>casellulis·-</strong></span> 
     </span>
     <span class='ocr_line' id='line_1_12' title="bbox 61 1654 1235 1739; baseline 0.001 -24"><span class='ocrx_word' id='word_1_95' title='bbox 61 1662 111 1733; x_wconf 83' lang='lat' dir='ltr'><strong>lus,</strong></span> <span class='ocrx_word' id='word_1_96' title='bbox 132 1663 198 1736; x_wconf 86' lang='lat' dir='ltr'><strong>post</strong></span> <span class='ocrx_word' id='word_1_97' title='bbox 218 1662 371 1736; x_wconf 81' lang='lat' dir='ltr'><strong>acceptum</strong></span> <span class='ocrx_word' id='word_1_98' title='bbox 386 1655 576 1719; x_wconf 63' lang='lat' dir='ltr'><strong>temtans</strong></span> <span class='ocrx_word' id='word_1_99' title='bbox 597 1658 720 1737; x_wconf 73' lang='lat' dir='ltr'><strong>primus</strong></span> <span class='ocrx_word' id='word_1_100' title='bbox 735 1655 1108 1739; x_wconf 66' lang='lat' dir='ltr'><strong>secarct&#39;cmrcpcbatur,</strong></span> <span class='ocrx_word' id='word_1_101' title='bbox 1128 1654 1235 1716; x_wconf 22' lang='lat' dir='ltr'><strong>*llcrc-</strong></span> 
     </span>
     <span class='ocr_line' id='line_1_13' title="bbox 60 1758 1259 1841; baseline 0.002 -23"><span class='ocrx_word' id='word_1_102' title='bbox 60 1758 131 1819; x_wconf 72' lang='lat' dir='ltr'><strong>clitus</strong></span> <span class='ocrx_word' id='word_1_103' title='bbox 151 1767 194 1821; x_wconf 86' lang='lat' dir='ltr'><strong>eat</strong></span> <span class='ocrx_word' id='word_1_104' title='bbox 215 1772 308 1840; x_wconf 76' lang='lat' dir='ltr'><strong>uuam</strong></span> <span class='ocrx_word' id='word_1_105' title='bbox 322 1767 431 1821; x_wconf 74' lang='lat' dir='ltr'><strong>eccum</strong></span> <span class='ocrx_word' id='word_1_106' title='bbox 450 1760 654 1840; x_wconf 56' lang='lat' dir='ltr'><strong>septentiam</strong></span> <span class='ocrx_word' id='word_1_107' title='bbox 673 1777 732 1840; x_wconf 84' lang='lat' dir='ltr'><strong>pra</strong></span> <span class='ocrx_word' id='word_1_108' title='bbox 748 1760 799 1822; x_wconf 86' lang='lat' dir='ltr'><strong>illo</strong></span> <span class='ocrx_word' id='word_1_109' title='bbox 827 1759 971 1841; x_wconf 78' lang='lat' dir='ltr'><strong>‘facilitas</strong></span> <span class='ocrx_word' id='word_1_110' title='bbox 986 1760 1054 1822; x_wconf 63' lang='lat' dir='ltr'><strong>cst!</strong></span> <span class='ocrx_word' id='word_1_111' title='bbox 1069 1775 1138 1819; x_wconf 83' lang='lat' dir='ltr'><strong>uon</strong></span> <span class='ocrx_word' id='word_1_112' title='bbox 1153 1776 1259 1838; x_wconf 61' lang='lat' dir='ltr'><strong>uago*</strong></span> 
     </span>
     <span class='ocr_line' id='line_1_14' title="bbox 60 1855 1237 1944; baseline 0.003 -24"><span class='ocrx_word' id='word_1_113' title='bbox 60 1861 238 1940; x_wconf 78' lang='lat' dir='ltr'><strong>facilitatem,</strong></span> <span class='ocrx_word' id='word_1_114' title='bbox 265 1861 298 1924; x_wconf 89' lang='lat' dir='ltr'><strong>id</strong></span> <span class='ocrx_word' id='word_1_115' title='bbox 321 1873 369 1924; x_wconf 88' lang='lat' dir='ltr'><strong>cst</strong></span> <span class='ocrx_word' id='word_1_116' title='bbox 391 1855 541 1939; x_wconf 72' lang='grc' dir='ltr'><strong>εὐκολίαν,</strong></span> <span class='ocrx_word' id='word_1_117' title='bbox 568 1862 681 1924; x_wconf 82' lang='lat' dir='ltr'><strong>reterri</strong></span> <span class='ocrx_word' id='word_1_118' title='bbox 704 1881 797 1944; x_wconf 87' lang='lat' dir='ltr'><strong>passe</strong></span> <span class='ocrx_word' id='word_1_119' title='bbox 819 1863 860 1924; x_wconf 78' lang='lat' dir='ltr'><strong>acl</strong></span> <span class='ocrx_word' id='word_1_120' title='bbox 881 1864 1079 1944; x_wconf 75' lang='lat' dir='ltr'><strong>sapientiam,</strong></span> <span class='ocrx_word' id='word_1_121' title='bbox 1105 1861 1163 1924; x_wconf 85' lang='lat' dir='ltr'><strong>sed</strong></span> <span class='ocrx_word' id='word_1_122' title='bbox 1179 1862 1237 1923; x_wconf 90' lang='lat' dir='ltr'><strong>hcc</strong></span> 
     </span>
     <span class='ocr_line' id='line_1_15' title="bbox 60 1963 1244 2047; baseline 0.002 -23"><span class='ocrx_word' id='word_1_123' title='bbox 60 1965 163 2026; x_wconf 87' lang='lat' dir='ltr'><strong>mirum</strong></span> <span class='ocrx_word' id='word_1_124' title='bbox 186 1963 342 2045; x_wconf 88' lang='lat' dir='ltr'><strong>estquod</strong></span> <span class='ocrx_word' id='word_1_125' title='bbox 365 1983 461 2046; x_wconf 87' lang='lat' dir='ltr'><strong>quam</strong></span> <span class='ocrx_word' id='word_1_126' title='bbox 489 1965 632 2028; x_wconf 89' lang='lat' dir='ltr'><strong>homines</strong></span> <span class='ocrx_word' id='word_1_127' title='bbox 661 1977 775 2029; x_wconf 82' lang='lat' dir='ltr'><strong>vocent</strong></span> <span class='ocrx_word' id='word_1_128' title='bbox 802 1967 991 2047; x_wconf 82' lang='lat' dir='ltr'><strong>sapientiam</strong></span> <span class='ocrx_word' id='word_1_129' title='bbox 1021 1965 1138 2028; x_wconf 89' lang='lat' dir='ltr'><strong>dicitur</strong></span> <span class='ocrx_word' id='word_1_130' title='bbox 1161 1980 1244 2027; x_wconf 84' lang='lat' dir='ltr'><strong>esse·</strong></span> 
     </span>
     <span class='ocr_line' id='line_1_16' title="bbox 59 2067 1236 2150; baseline 0.002 -23"><span class='ocrx_word' id='word_1_131' title='bbox 59 2067 193 2130; x_wconf 79' lang='lat' dir='ltr'><strong>facilites:</strong></span> <span class='ocrx_word' id='word_1_132' title='bbox 234 2084 309 2129; x_wconf 85' lang='lat' dir='ltr'><strong>nam</strong></span> <span class='ocrx_word' id='word_1_133' title='bbox 330 2068 371 2130; x_wconf 89' lang='lat' dir='ltr'><strong>ad</strong></span> <span class='ocrx_word' id='word_1_134' title='bbox 395 2067 537 2130; x_wconf 85' lang='lat' dir='ltr'><strong>homines</strong></span> <span class='ocrx_word' id='word_1_135' title='bbox 557 2069 711 2132; x_wconf 87' lang='lat' dir='ltr'><strong>universe</strong></span> <span class='ocrx_word' id='word_1_136' title='bbox 736 2071 841 2132; x_wconf 83' lang='lat' dir='ltr'><strong>reiero</strong></span> <span class='ocrx_word' id='word_1_137' title='bbox 864 2069 944 2132; x_wconf 86' lang='lat' dir='ltr'><strong>iliud</strong></span> <span class='ocrx_word' id='word_1_138' title='bbox 966 2077 1076 2132; x_wconf 80' lang='lat' dir='ltr'><strong>vetattt</strong></span> <span class='ocrx_word' id='word_1_139' title='bbox 1095 2078 1236 2150; x_wconf 72' lang='lat' dir='ltr'><strong>putisque</strong></span> 
     </span>
     <span class='ocr_line' id='line_1_17' title="bbox 60 2170 1236 2256; baseline 0.001 -25"><span class='ocrx_word' id='word_1_140' title='bbox 60 2172 225 2250; x_wconf 76' lang='lat' dir='ltr'><strong>generalem</strong></span> <span class='ocrx_word' id='word_1_141' title='bbox 256 2170 406 2234; x_wconf 84' lang='lat' dir='ltr'><strong>habuisse</strong></span> <span class='ocrx_word' id='word_1_142' title='bbox 422 2172 629 2234; x_wconf 78' lang='lat' dir='ltr'><strong>uersiculum</strong></span> <span class='ocrx_word' id='word_1_143' title='bbox 658 2175 856 2234; x_wconf 81' lang='lat' dir='ltr'><strong>sententiam</strong></span> <span class='ocrx_word' id='word_1_144' title='bbox 879 2184 913 2236; x_wconf 87' lang='lat' dir='ltr'><strong>et</strong></span> <span class='ocrx_word' id='word_1_145' title='bbox 935 2185 1103 2256; x_wconf 85' lang='lat' dir='ltr'><strong>propterea</strong></span> <span class='ocrx_word' id='word_1_146' title='bbox 1125 2183 1236 2233; x_wconf 88' lang='lat' dir='ltr'><strong>notum</strong></span> 
     </span>
     <span class='ocr_line' id='line_1_18' title="bbox 59 2272 1236 2356; baseline 0.003 -24"><span class='ocrx_word' id='word_1_147' title='bbox 59 2272 146 2335; x_wconf 84' lang='lat' dir='ltr'><strong>luisse</strong></span> <span class='ocrx_word' id='word_1_148' title='bbox 164 2293 291 2356; x_wconf 76' lang='lat' dir='ltr'><strong>astuque</strong></span> <span class='ocrx_word' id='word_1_149' title='bbox 320 2275 458 2336; x_wconf 87' lang='lat' dir='ltr'><strong>similam</strong></span> <span class='ocrx_word' id='word_1_150' title='bbox 487 2275 661 2356; x_wconf 81' lang='lat' dir='ltr'><strong>proverbii.</strong></span> <span class='ocrx_word' id='word_1_151' title='bbox 702 2293 808 2356; x_wconf 84' lang='lat' dir='ltr'><strong>neque</strong></span> <span class='ocrx_word' id='word_1_152' title='bbox 830 2278 1079 2341; x_wconf 44' lang='lat' dir='ltr'><strong>cunr‘numeris·¹</strong></span> <span class='ocrx_word' id='word_1_153' title='bbox 1091 2277 1236 2355; x_wconf 73' lang='lat' dir='ltr'><strong>congruit</strong></span> 
     </span>
     <span class='ocr_line' id='line_1_19' title="bbox 56 2374 1235 2461; baseline 0.002 -25"><span class='ocrx_word' id='word_1_154' title='bbox 56 2374 190 2457; x_wconf 68' lang='lat' dir='ltr'><strong>suntme,</strong></span> <span class='ocrx_word' id='word_1_155' title='bbox 216 2379 278 2440; x_wconf 89' lang='lat' dir='ltr'><strong>nisi</strong></span> <span class='ocrx_word' id='word_1_156' title='bbox 302 2387 449 2459; x_wconf 89' lang='lat' dir='ltr'><strong>putamus</strong></span> <span class='ocrx_word' id='word_1_157' title='bbox 473 2378 655 2440; x_wconf 78' lang='lat' dir='ltr'><strong>Ciceronem</strong></span> <span class='ocrx_word' id='word_1_158' title='bbox 680 2379 758 2459; x_wconf 88' lang='lat' dir='ltr'><strong>plus</strong></span> <span class='ocrx_word' id='word_1_159' title='bbox 775 2392 913 2442; x_wconf 79' lang='lat' dir='ltr'><strong>mcrlasse</strong></span> <span class='ocrx_word' id='word_1_160' title='bbox 936 2398 1030 2461; x_wconf 88' lang='lat' dir='ltr'><strong>quem</strong></span> <span class='ocrx_word' id='word_1_161' title='bbox 1055 2380 1114 2440; x_wconf 90' lang='lat' dir='ltr'><strong>hou</strong></span> <span class='ocrx_word' id='word_1_162' title='bbox 1135 2397 1235 2441; x_wconf 87' lang='lat' dir='ltr'><strong>uuum</strong></span> 
     </span>
     <span class='ocr_line' id='line_1_20' title="bbox 59 2478 1236 2563; baseline 0.003 -24"><span class='ocrx_word' id='word_1_163' title='bbox 59 2478 132 2557; x_wconf 78' lang='lat' dir='ltr'><strong>quod</strong></span> <span class='ocrx_word' id='word_1_164' title='bbox 154 2480 367 2554; x_wconf 86' lang='lat' dir='ltr'><strong>Quintilianus</strong></span> <span class='ocrx_word' id='word_1_165' title='bbox 390 2479 509 2544; x_wconf 86' lang='lat' dir='ltr'><strong>indicet</strong></span> <span class='ocrx_word' id='word_1_166' title='bbox 532 2481 678 2543; x_wconf 80' lang='lat' dir='ltr'><strong>verbum.</strong></span> <span class='ocrx_word' id='word_1_167' title='bbox 716 2483 822 2563; x_wconf 81' lang='lat' dir='ltr'><strong>itaque</strong></span> <span class='ocrx_word' id='word_1_168' title='bbox 846 2498 916 2546; x_wconf 87' lang='lat' dir='ltr'><strong>cnm</strong></span> <span class='ocrx_word' id='word_1_169' title='bbox 939 2484 974 2544; x_wconf 90' lang='lat' dir='ltr'><strong>in</strong></span> <span class='ocrx_word' id='word_1_170' title='bbox 998 2483 1078 2544; x_wconf 79' lang='lat' dir='ltr'><strong>libau</strong></span> <span class='ocrx_word' id='word_1_171' title='bbox 1100 2479 1236 2543; x_wconf 84' lang='lat' dir='ltr'><strong>Ambru-</strong></span> 
     </span>
     <span class='ocr_line' id='line_1_21' title="bbox 58 2582 1234 2666; baseline 0.005 -26"><span class='ocrx_word' id='word_1_172' title='bbox 58 2583 136 2644; x_wconf 85' lang='lat' dir='ltr'><strong>siano</strong></span> <span class='ocrx_word' id='word_1_173' title='bbox 156 2586 309 2665; x_wconf 88' lang='lat' dir='ltr'><strong>scriptum</strong></span> <span class='ocrx_word' id='word_1_174' title='bbox 341 2595 425 2646; x_wconf 85' lang='lat' dir='ltr'><strong>esset</strong></span> <span class='ocrx_word' id='word_1_175' title='bbox 455 2582 609 2666; x_wconf 79' lang='lat' dir='ltr'><strong>suit‘citus,</strong></span> <span class='ocrx_word' id='word_1_176' title='bbox 644 2585 687 2649; x_wconf 86' lang='lat' dir='ltr'><strong>ab</strong></span> <span class='ocrx_word' id='word_1_177' title='bbox 716 2585 814 2648; x_wconf 85' lang='lat' dir='ltr'><strong>altera</strong></span> <span class='ocrx_word' id='word_1_178' title='bbox 844 2605 939 2648; x_wconf 89' lang='lat' dir='ltr'><strong>manu</strong></span> <span class='ocrx_word' id='word_1_179' title='bbox 963 2587 1136 2648; x_wconf 84' lang='lat' dir='ltr'><strong>rectissime</strong></span> <span class='ocrx_word' id='word_1_180' title='bbox 1159 2583 1234 2646; x_wconf 90' lang='lat' dir='ltr'><strong>inde</strong></span> 
     </span>
     <span class='ocr_line' id='line_1_22' title="bbox 59 2679 1236 2770; baseline 0.003 -27"><span class='ocrx_word' id='word_1_181' title='bbox 59 2683 163 2747; x_wconf 86' lang='lat' dir='ltr'><strong>lactum</strong></span> <span class='ocrx_word' id='word_1_182' title='bbox 185 2699 232 2749; x_wconf 88' lang='lat' dir='ltr'><strong>est</strong></span> <span class='ocrx_word' id='word_1_183' title='bbox 252 2687 397 2768; x_wconf 73' lang='lat' dir='ltr'><strong>felicitas.</strong></span> <span class='ocrx_word' id='word_1_184' title='bbox 424 2697 455 2749; x_wconf 87' lang='lat' dir='ltr'><strong>el</strong></span> <span class='ocrx_word' id='word_1_185' title='bbox 477 2705 627 2750; x_wconf 88' lang='lat' dir='ltr'><strong>numeros</strong></span> <span class='ocrx_word' id='word_1_186' title='bbox 650 2691 748 2750; x_wconf 89' lang='lat' dir='ltr'><strong>iustos</strong></span> <span class='ocrx_word' id='word_1_187' title='bbox 770 2699 801 2750; x_wconf 91' lang='lat' dir='ltr'><strong>et</strong></span> <span class='ocrx_word' id='word_1_188' title='bbox 824 2679 1023 2770; x_wconf 84' lang='lat' dir='ltr'><strong>perspicuam</strong></span> <span class='ocrx_word' id='word_1_189' title='bbox 1043 2689 1236 2750; x_wconf 87' lang='lat' dir='ltr'><strong>seutentiam</strong></span> 
     </span>
     <span class='ocr_line' id='line_1_23' title="bbox 60 2787 1234 2874; baseline 0.003 -28"><span class='ocrx_word' id='word_1_190' title='bbox 60 2787 103 2848; x_wconf 88' lang='lat' dir='ltr'><strong>hic</strong></span> <span class='ocrx_word' id='word_1_191' title='bbox 122 2805 233 2852; x_wconf 84' lang='lat' dir='ltr'><strong>versus</strong></span> <span class='ocrx_word' id='word_1_192' title='bbox 255 2790 361 2869; x_wconf 84' lang='lat' dir='ltr'><strong>hahet,</strong></span> <span class='ocrx_word' id='word_1_193' title='bbox 385 2791 584 2872; x_wconf 67' lang='lat' dir='ltr'><strong>fencitas-est</strong></span> <span class='ocrx_word' id='word_1_194' title='bbox 606 2809 696 2874; x_wconf 77' lang='lat' dir='ltr'><strong>pacm</strong></span> <span class='ocrx_word' id='word_1_195' title='bbox 719 2800 828 2854; x_wconf 71' lang='lat' dir='ltr'><strong>ceant</strong></span> <span class='ocrx_word' id='word_1_196' title='bbox 842 2793 1042 2873; x_wconf 65' lang='lat' dir='ltr'><strong>sapientum:</strong></span> <span class='ocrx_word' id='word_1_197' title='bbox 1068 2791 1129 2851; x_wconf 83' lang='lat' dir='ltr'><strong>hcc</strong></span> <span class='ocrx_word' id='word_1_198' title='bbox 1149 2790 1234 2851; x_wconf 85' lang='lat' dir='ltr'><strong>enim</strong></span> 
     </span>
     <span class='ocr_line' id='line_1_24' title="bbox 58 2887 1236 2974; baseline 0.002 -24"><span class='ocrx_word' id='word_1_199' title='bbox 58 2887 173 2972; x_wconf 87' lang='lat' dir='ltr'><strong>dicitur,</strong></span> <span class='ocrx_word' id='word_1_200' title='bbox 202 2911 285 2974; x_wconf 89' lang='lat' dir='ltr'><strong>quae</strong></span> <span class='ocrx_word' id='word_1_201' title='bbox 309 2911 464 2974; x_wconf 87' lang='lat' dir='ltr'><strong>prospere</strong></span> <span class='ocrx_word' id='word_1_202' title='bbox 484 2894 599 2956; x_wconf 84' lang='lat' dir='ltr'><strong>cedant</strong></span> <span class='ocrx_word' id='word_1_203' title='bbox 622 2893 804 2957; x_wconf 87' lang='lat' dir='ltr'><strong>homiuibus</strong></span> <span class='ocrx_word' id='word_1_204' title='bbox 825 2892 965 2957; x_wconf 76' lang='lat' dir='ltr'><strong>adscribi</strong></span> <span class='ocrx_word' id='word_1_205' title='bbox 988 2909 1083 2974; x_wconf 85' lang='lat' dir='ltr'><strong>saepe</strong></span> <span class='ocrx_word' id='word_1_206' title='bbox 1106 2889 1236 2973; x_wconf 58' lang='lat' dir='ltr'><strong>sapien⁴</strong></span> 
     </span>
     <span class='ocr_line' id='line_1_25' title="bbox 57 2995 1234 3079; baseline 0.003 -27"><span class='ocrx_word' id='word_1_207' title='bbox 57 2995 112 3055; x_wconf 87' lang='lat' dir='ltr'><strong>liae</strong></span> <span class='ocrx_word' id='word_1_208' title='bbox 130 2996 252 3059; x_wconf 81' lang='lat' dir='ltr'><strong>cuidant</strong></span> <span class='ocrx_word' id='word_1_209' title='bbox 278 3011 416 3076; x_wconf 85' lang='lat' dir='ltr'><strong>aarum,</strong></span> <span class='ocrx_word' id='word_1_210' title='bbox 438 2997 495 3059; x_wconf 88' lang='lat' dir='ltr'><strong>sed</strong></span> <span class='ocrx_word' id='word_1_211' title='bbox 526 2999 618 3060; x_wconf 88' lang='lat' dir='ltr'><strong>istatn</strong></span> <span class='ocrx_word' id='word_1_212' title='bbox 641 2999 827 3079; x_wconf 84' lang='lat' dir='ltr'><strong>sapientiam</strong></span> <span class='ocrx_word' id='word_1_213' title='bbox 850 2997 929 3059; x_wconf 86' lang='lat' dir='ltr'><strong>nihil</strong></span> <span class='ocrx_word' id='word_1_214' title='bbox 954 3013 1024 3059; x_wconf 90' lang='lat' dir='ltr'><strong>esse</strong></span> <span class='ocrx_word' id='word_1_215' title='bbox 1047 2997 1109 3058; x_wconf 90' lang='lat' dir='ltr'><strong>nisi</strong></span> <span class='ocrx_word' id='word_1_216' title='bbox 1133 2995 1234 3057; x_wconf 82' lang='lat' dir='ltr'><strong>felici·-</strong></span> 
     </span>
     <span class='ocr_line' id='line_1_26' title="bbox 58 3098 1232 3164; baseline 0.004 -9"><span class='ocrx_word' id='word_1_217' title='bbox 58 3105 141 3159; x_wconf 88' lang='lat' dir='ltr'><strong>tatem</strong></span> <span class='ocrx_word' id='word_1_218' title='bbox 170 3110 200 3162; x_wconf 87' lang='lat' dir='ltr'><strong>el</strong></span> <span class='ocrx_word' id='word_1_219' title='bbox 229 3099 344 3162; x_wconf 86' lang='lat' dir='ltr'><strong>bonam</strong></span> <span class='ocrx_word' id='word_1_220' title='bbox 375 3099 542 3162; x_wconf 73' lang='lat' dir='ltr'><strong>fortunam:</strong></span> <span class='ocrx_word' id='word_1_221' title='bbox 576 3099 762 3164; x_wconf 83' lang='lat' dir='ltr'><strong>¹Menander</strong></span> <span class='ocrx_word' id='word_1_222' title='bbox 792 3104 824 3163; x_wconf 92' lang='lat' dir='ltr'><strong>iu</strong></span> <span class='ocrx_word' id='word_1_223' title='bbox 849 3101 983 3163; x_wconf 85' lang='lat' dir='ltr'><strong>Cornicis</strong></span> <span class='ocrx_word' id='word_1_224' title='bbox 998 3098 1145 3162; x_wconf 77' lang='lat' dir='ltr'><strong>Marcelli</strong></span> <span class='ocrx_word' id='word_1_225' title='bbox 1160 3109 1185 3160; x_wconf 86' lang='lat' dir='ltr'><strong>t.</strong></span> <span class='ocrx_word' id='word_1_226' title='bbox 1203 3117 1232 3160; x_wconf 84' lang='grc' dir='ltr'><strong>ιν</strong></span> 
     </span>
     <span class='ocr_line' id='line_1_27' title="bbox 59 3197 1234 3289; baseline 0.005 -29"><span class='ocrx_word' id='word_1_227' title='bbox 59 3219 85 3278; x_wconf 90' lang='lat' dir='ltr'><strong>p.</strong></span> <span class='ocrx_word' id='word_1_228' title='bbox 102 3202 159 3262; x_wconf 70' lang='lat' dir='ltr'><strong>ala</strong></span> <span class='ocrx_word' id='word_1_229' title='bbox 181 3197 341 3266; x_wconf 75' lang='grc' dir='ltr'><strong>παύσασθε</strong></span> <span class='ocrx_word' id='word_1_230' title='bbox 369 3207 437 3267; x_wconf 80' lang='grc' dir='ltr'>νοῦν</span> <span class='ocrx_word' id='word_1_231' title='bbox 467 3199 606 3288; x_wconf 69' lang='grc' dir='ltr'><strong>ἔχοντες·</strong></span> <span class='ocrx_word' id='word_1_232' title='bbox 642 3198 729 3268; x_wconf 80' lang='grc' dir='ltr'>οὐδὲν</span> <span class='ocrx_word' id='word_1_233' title='bbox 756 3201 814 3289; x_wconf 77' lang='grc' dir='ltr'><strong>γὰρ</strong></span> <span class='ocrx_word' id='word_1_234' title='bbox 836 3204 926 3267; x_wconf 78' lang='grc' dir='ltr'>πλέον</span> <span class='ocrx_word' id='word_1_235' title='bbox 942 3197 1144 3288; x_wconf 72' lang='grc' dir='ltr'>Ἃνῦρώπινος</span> <span class='ocrx_word' id='word_1_236' title='bbox 1167 3204 1234 3276; x_wconf 77' lang='grc' dir='ltr'>νοῦς</span> 
     </span>
     <span class='ocr_line' id='line_1_28' title="bbox 57 3297 1234 3392; baseline 0.003 -28"><span class='ocrx_word' id='word_1_237' title='bbox 57 3301 125 3366; x_wconf 72' lang='grc' dir='ltr'>ἐστιν</span> <span class='ocrx_word' id='word_1_238' title='bbox 148 3297 220 3370; x_wconf 76' lang='grc' dir='ltr'>ἄλλο</span> <span class='ocrx_word' id='word_1_239' title='bbox 240 3309 295 3392; x_wconf 73' lang='grc' dir='ltr'><strong>τῆς</strong></span> <span class='ocrx_word' id='word_1_240' title='bbox 318 3301 424 3392; x_wconf 79' lang='grc' dir='ltr'>τύχης,</span> <span class='ocrx_word' id='word_1_241' title='bbox 449 3300 514 3370; x_wconf 79' lang='grc' dir='ltr'><strong>Εἶτ’</strong></span> <span class='ocrx_word' id='word_1_242' title='bbox 542 3304 604 3369; x_wconf 78' lang='grc' dir='ltr'>ἐστὶ</span> <span class='ocrx_word' id='word_1_243' title='bbox 618 3311 707 3370; x_wconf 79' lang='grc' dir='ltr'><strong>τοῦτο</strong></span> <span class='ocrx_word' id='word_1_244' title='bbox 720 3311 837 3391; x_wconf 72' lang='grc' dir='ltr'><strong>πνεῦμα</strong></span> <span class='ocrx_word' id='word_1_245' title='bbox 854 3305 934 3370; x_wconf 73' lang='lat' dir='ltr'><strong>lisias</strong></span> <span class='ocrx_word' id='word_1_246' title='bbox 951 3303 1010 3371; x_wconf 84' lang='grc' dir='ltr'><strong>εἴτε</strong></span> <span class='ocrx_word' id='word_1_247' title='bbox 1024 3310 1103 3378; x_wconf 63' lang='lat' dir='ltr'><strong>suita</strong></span> <span class='ocrx_word' id='word_1_248' title='bbox 1133 3307 1234 3370; x_wconf 84' lang='lat' dir='ltr'><strong>multa</strong></span> 
     </span>
     <span class='ocr_line' id='line_1_29' title="bbox 57 3405 791 3473; baseline 0.011 -8"><span class='ocrx_word' id='word_1_249' title='bbox 57 3407 190 3472; x_wconf 88' lang='lat' dir='ltr'><strong>similiter</strong></span> <span class='ocrx_word' id='word_1_250' title='bbox 213 3421 246 3472; x_wconf 90' lang='lat' dir='ltr'><strong>et</strong></span> <span class='ocrx_word' id='word_1_251' title='bbox 268 3409 352 3472; x_wconf 89' lang='lat' dir='ltr'><strong>dicta</strong></span> <span class='ocrx_word' id='word_1_252' title='bbox 374 3419 449 3472; x_wconf 89' lang='lat' dir='ltr'><strong>sunl</strong></span> <span class='ocrx_word' id='word_1_253' title='bbox 472 3421 503 3472; x_wconf 86' lang='lat' dir='ltr'><strong>et</strong></span> <span class='ocrx_word' id='word_1_254' title='bbox 526 3410 688 3473; x_wconf 88' lang='lat' dir='ltr'><strong>dicuntur.</strong></span> <span class='ocrx_word' id='word_1_255' title='bbox 788 3405 791 3412; x_wconf 70' lang='grc'><em>’</em></span> 
     </span>
    </p>

    <p class='ocr_par' dir='ltr' id='par_1_4' title="bbox 54 3509 1238 4626">
     <span class='ocr_line' id='line_1_30' title="bbox 133 3509 1234 3594; baseline 0 -20"><span class='ocrx_word' id='word_1_256' title='bbox 133 3513 235 3575; x_wconf 81' lang='lat' dir='ltr'><strong>Paullo</strong></span> <span class='ocrx_word' id='word_1_257' title='bbox 257 3513 350 3575; x_wconf 86' lang='lat' dir='ltr'><strong>aliter</strong></span> <span class='ocrx_word' id='word_1_258' title='bbox 372 3529 467 3593; x_wconf 87' lang='lat' dir='ltr'><strong>quam</strong></span> <span class='ocrx_word' id='word_1_259' title='bbox 489 3509 529 3575; x_wconf 87' lang='lat' dir='ltr'><strong>ab</strong></span> <span class='ocrx_word' id='word_1_260' title='bbox 551 3515 622 3575; x_wconf 88' lang='lat' dir='ltr'><strong>aliis</strong></span> <span class='ocrx_word' id='word_1_261' title='bbox 644 3533 751 3594; x_wconf 86' lang='lat' dir='ltr'><strong>nuper</strong></span> <span class='ocrx_word' id='word_1_262' title='bbox 772 3513 888 3576; x_wconf 84' lang='lat' dir='ltr'><strong>lactum</strong></span> <span class='ocrx_word' id='word_1_263' title='bbox 912 3516 960 3576; x_wconf 83' lang='grc' dir='ltr'><strong>εει</strong></span> <span class='ocrx_word' id='word_1_264' title='bbox 982 3513 1099 3576; x_wconf 82' lang='lat' dir='ltr'><strong>iudicia</strong></span> <span class='ocrx_word' id='word_1_265' title='bbox 1122 3512 1163 3574; x_wconf 91' lang='lat' dir='ltr'><strong>de</strong></span> <span class='ocrx_word' id='word_1_266' title='bbox 1187 3515 1234 3574; x_wconf 90' lang='lat' dir='ltr'><strong>eis</strong></span> 
     </span>
     <span class='ocr_line' id='line_1_31' title="bbox 57 3615 1233 3698; baseline 0.003 -25"><span class='ocrx_word' id='word_1_267' title='bbox 57 3631 127 3691; x_wconf 87' lang='lat' dir='ltr'><strong>quae</strong></span> <span class='ocrx_word' id='word_1_268' title='bbox 148 3615 233 3696; x_wconf 89' lang='lat' dir='ltr'><strong>apud</strong></span> <span class='ocrx_word' id='word_1_269' title='bbox 256 3616 485 3689; x_wconf 86' lang='lat' dir='ltr'><strong>Quintilianum</strong></span> <span class='ocrx_word' id='word_1_270' title='bbox 510 3619 660 3698; x_wconf 84' lang='lat' dir='ltr'><strong>leguntur</strong></span> <span class='ocrx_word' id='word_1_271' title='bbox 682 3619 775 3696; x_wconf 73' lang='lat' dir='ltr'><strong>rit,</strong></span> <span class='ocrx_word' id='word_1_272' title='bbox 803 3651 841 3664; x_wconf 85' lang='lat'>-</span> <span class='ocrx_word' id='word_1_273' title='bbox 864 3617 982 3678; x_wconf 83' lang='lat' dir='ltr'><strong>medius</strong></span> <span class='ocrx_word' id='word_1_274' title='bbox 1005 3615 1188 3698; x_wconf 81' lang='lat' dir='ltr'><strong>estquidam</strong></span> <span class='ocrx_word' id='word_1_275' title='bbox 1211 3635 1233 3676; x_wconf 79' lang='lat' dir='ltr'><strong>u</strong></span> 
     </span>
     <span class='ocr_line' id='line_1_32' title="bbox 57 3719 1234 3802; baseline 0.004 -27"><span class='ocrx_word' id='word_1_276' title='bbox 57 3725 79 3776; x_wconf 83' lang='lat' dir='ltr'><strong>ct</strong></span> <span class='ocrx_word' id='word_1_277' title='bbox 100 3719 109 3778; x_wconf 89' lang='lat' dir='ltr'><strong>i</strong></span> <span class='ocrx_word' id='word_1_278' title='bbox 128 3720 244 3781; x_wconf 63' lang='lat' dir='ltr'><strong>icterus</strong></span> <span class='ocrx_word' id='word_1_279' title='bbox 265 3736 380 3782; x_wconf 79' lang='lat' dir='ltr'><strong>sottus:</strong></span> <span class='ocrx_word' id='word_1_280' title='bbox 407 3739 467 3781; x_wconf 85' lang='lat' dir='ltr'><strong>uun</strong></span> <span class='ocrx_word' id='word_1_281' title='bbox 490 3722 569 3782; x_wconf 82' lang='lat' dir='ltr'><strong>euim</strong></span> <span class='ocrx_word' id='word_1_282' title='bbox 591 3721 636 3782; x_wconf 83' lang='lat' dir='ltr'><strong>sic</strong></span> <span class='ocrx_word' id='word_1_283' title='bbox 658 3723 801 3802; x_wconf 79' lang='lat' dir='ltr'><strong>optimum</strong></span> <span class='ocrx_word' id='word_1_284' title='bbox 824 3720 953 3782; x_wconf 83' lang='lat' dir='ltr'><strong>dicimus</strong></span> <span class='ocrx_word' id='word_1_285' title='bbox 975 3728 1009 3782; x_wconf 84' lang='lat' dir='ltr'><strong>ut</strong></span> <span class='ocrx_word' id='word_1_286' title='bbox 1030 3721 1180 3800; x_wconf 76' lang='lat' dir='ltr'><strong>opimum:</strong></span> <span class='ocrx_word' id='word_1_287' title='bbox 1205 3727 1234 3780; x_wconf 86' lang='lat' dir='ltr'><strong>et</strong></span> 
     </span>
     <span class='ocr_line' id='line_1_33' title="bbox 56 3819 1232 3906; baseline 0.003 -29"><span class='ocrx_word' id='word_1_288' title='bbox 56 3819 284 3906; x_wconf 73' lang='lat' dir='ltr'><strong>iniectaeque</strong></span> <span class='ocrx_word' id='word_1_289' title='bbox 307 3823 434 3904; x_wconf 81' lang='lat' dir='ltr'><strong>epictec</strong></span> <span class='ocrx_word' id='word_1_290' title='bbox 456 3841 551 3905; x_wconf 75' lang='lat' dir='ltr'><strong>raeque</strong></span> <span class='ocrx_word' id='word_1_291' title='bbox 574 3822 588 3884; x_wconf 80' lang='lat' dir='ltr'><strong>i</strong></span> <span class='ocrx_word' id='word_1_292' title='bbox 607 3824 747 3886; x_wconf 74' lang='lat' dir='ltr'><strong>cuditur:</strong></span> <span class='ocrx_word' id='word_1_293' title='bbox 782 3827 890 3905; x_wconf 89' lang='lat' dir='ltr'><strong>inepte</strong></span> <span class='ocrx_word' id='word_1_294' title='bbox 905 3825 1036 3904; x_wconf 83' lang='lat' dir='ltr'><strong>opimum</strong></span> <span class='ocrx_word' id='word_1_295' title='bbox 1053 3834 1232 3884; x_wconf 66' lang='lat' dir='ltr'><strong>conmemm</strong></span> 
     </span>
     <span class='ocr_line' id='line_1_34' title="bbox 57 3923 1238 4008; baseline 0.005 -28"><span class='ocrx_word' id='word_1_296' title='bbox 57 3935 143 4002; x_wconf 84' lang='lat' dir='ltr'><strong>ratur,</strong></span> <span class='ocrx_word' id='word_1_297' title='bbox 173 3925 258 4006; x_wconf 88' lang='lat' dir='ltr'><strong>quod</strong></span> <span class='ocrx_word' id='word_1_298' title='bbox 286 3925 327 3988; x_wconf 85' lang='lat' dir='ltr'><strong>ab</strong></span> <span class='ocrx_word' id='word_1_299' title='bbox 355 3927 465 4008; x_wconf 86' lang='lat' dir='ltr'><strong>optimi</strong></span> <span class='ocrx_word' id='word_1_300' title='bbox 489 3925 639 3988; x_wconf 84' lang='lat' dir='ltr'><strong>vocabulo</strong></span> <span class='ocrx_word' id='word_1_301' title='bbox 662 3945 725 3988; x_wconf 88' lang='lat' dir='ltr'><strong>uon</strong></span> <span class='ocrx_word' id='word_1_302' title='bbox 748 3944 823 3989; x_wconf 87' lang='lat' dir='ltr'><strong>seno</strong></span> <span class='ocrx_word' id='word_1_303' title='bbox 845 3935 968 3991; x_wconf 89' lang='lat' dir='ltr'><strong>tantum</strong></span> <span class='ocrx_word' id='word_1_304' title='bbox 991 3929 1003 3987; x_wconf 86' lang='lat' dir='ltr'><strong>i</strong></span> <span class='ocrx_word' id='word_1_305' title='bbox 1024 3926 1157 4000; x_wconf 81' lang='lat' dir='ltr'><strong>litterae,</strong></span> <span class='ocrx_word' id='word_1_306' title='bbox 1190 3923 1238 3986; x_wconf 88' lang='lat' dir='ltr'><strong>da</strong></span> 
     </span>
     <span class='ocr_line' id='line_1_35' title="bbox 56 4027 1232 4111; baseline 0.005 -25"><span class='ocrx_word' id='word_1_307' title='bbox 56 4043 108 4105; x_wconf 88' lang='lat' dir='ltr'><strong>quc</strong></span> <span class='ocrx_word' id='word_1_308' title='bbox 129 4031 192 4092; x_wconf 90' lang='lat' dir='ltr'><strong>solo</strong></span> <span class='ocrx_word' id='word_1_309' title='bbox 214 4031 334 4110; x_wconf 79' lang='lat' dir='ltr'><strong>agitur,</strong></span> <span class='ocrx_word' id='word_1_310' title='bbox 370 4047 484 4092; x_wconf 85' lang='lat' dir='ltr'><strong>verum</strong></span> <span class='ocrx_word' id='word_1_311' title='bbox 512 4030 666 4111; x_wconf 86' lang='lat' dir='ltr'><strong>producta</strong></span> <span class='ocrx_word' id='word_1_312' title='bbox 697 4027 913 4092; x_wconf 85' lang='lat' dir='ltr'><strong>ctiam-vocali</strong></span> <span class='ocrx_word' id='word_1_313' title='bbox 942 4028 1048 4094; x_wconf 86' lang='lat' dir='ltr'><strong>distet.</strong></span> <span class='ocrx_word' id='word_1_314' title='bbox 1088 4030 1232 4093; x_wconf 84' lang='lat' dir='ltr'><strong>sednon</strong></span> 
     </span>
     <span class='ocr_line' id='line_1_36' title="bbox 55 4129 1232 4214; baseline 0.006 -25"><span class='ocrx_word' id='word_1_315' title='bbox 55 4129 142 4206; x_wconf 83' lang='lat' dir='ltr'><strong>probo</strong></span> <span class='ocrx_word' id='word_1_316' title='bbox 164 4149 244 4213; x_wconf 85' lang='lat' dir='ltr'><strong>quos</strong></span> <span class='ocrx_word' id='word_1_317' title='bbox 266 4134 339 4195; x_wconf 74' lang='lat' dir='ltr'><strong>novi</strong></span> <span class='ocrx_word' id='word_1_318' title='bbox 361 4143 491 4195; x_wconf 88' lang='lat' dir='ltr'><strong>conatus</strong></span> <span class='ocrx_word' id='word_1_319' title='bbox 514 4132 706 4196; x_wconf 84' lang='lat' dir='ltr'><strong>emendandi</strong></span> <span class='ocrx_word' id='word_1_320' title='bbox 729 4151 835 4214; x_wconf 85' lang='lat' dir='ltr'><strong>neque</strong></span> <span class='ocrx_word' id='word_1_321' title='bbox 862 4133 946 4213; x_wconf 88' lang='lat' dir='ltr'><strong>quud</strong></span> <span class='ocrx_word' id='word_1_322' title='bbox 970 4135 1002 4194; x_wconf 90' lang='lat' dir='ltr'><strong>in</strong></span> <span class='ocrx_word' id='word_1_323' title='bbox 1025 4132 1232 4196; x_wconf 63' lang='lat' dir='ltr'><strong>umbrosiane</strong></span> 
     </span>
     <span class='ocr_line' id='line_1_37' title="bbox 54 4231 1231 4319; baseline 0.008 -29"><span class='ocrx_word' id='word_1_324' title='bbox 54 4231 175 4315; x_wconf 88' lang='lat' dir='ltr'><strong>aliisque</strong></span> <span class='ocrx_word' id='word_1_325' title='bbox 198 4233 390 4316; x_wconf 88' lang='lat' dir='ltr'><strong>quibusdam</strong></span> <span class='ocrx_word' id='word_1_326' title='bbox 410 4235 505 4300; x_wconf 84' lang='lat' dir='ltr'><strong>libris</strong></span> <span class='ocrx_word' id='word_1_327' title='bbox 534 4233 596 4298; x_wconf 83' lang='lat' dir='ltr'><strong>no&#39;n</strong></span> <span class='ocrx_word' id='word_1_328' title='bbox 610 4237 772 4319; x_wconf 58' lang='lat' dir='ltr'><strong>⁴epileum,</strong></span> <span class='ocrx_word' id='word_1_329' title='bbox 810 4235 867 4299; x_wconf 90' lang='lat' dir='ltr'><strong>sed</strong></span> <span class='ocrx_word' id='word_1_330' title='bbox 889 4237 1050 4317; x_wconf 76' lang='lat' dir='ltr'><strong>cptitrtum,</strong></span> <span class='ocrx_word' id='word_1_331' title='bbox 1086 4247 1118 4299; x_wconf 89' lang='lat' dir='ltr'><strong>et</strong></span> <span class='ocrx_word' id='word_1_332' title='bbox 1138 4249 1231 4301; x_wconf 90' lang='lat' dir='ltr'><strong>antea</strong></span> 
     </span>
     <span class='ocr_line' id='line_1_38' title="bbox 55 4337 1232 4421; baseline 0.007 -27"><span class='ocrx_word' id='word_1_333' title='bbox 55 4345 205 4418; x_wconf 81' lang='lat' dir='ltr'><strong>optumum,</strong></span> <span class='ocrx_word' id='word_1_334' title='bbox 238 4355 300 4400; x_wconf 90' lang='lat' dir='ltr'><strong>nnn</strong></span> <span class='ocrx_word' id='word_1_335' title='bbox 323 4341 484 4421; x_wconf 82' lang='lat' dir='ltr'><strong>optimum,</strong></span> <span class='ocrx_word' id='word_1_336' title='bbox 518 4341 672 4421; x_wconf 88' lang='lat' dir='ltr'><strong>scriptum</strong></span> <span class='ocrx_word' id='word_1_337' title='bbox 696 4350 744 4402; x_wconf 88' lang='lat' dir='ltr'><strong>est</strong></span> <span class='ocrx_word' id='word_1_338' title='bbox 767 4341 938 4421; x_wconf 86' lang='lat' dir='ltr'><strong>quicquum</strong></span> <span class='ocrx_word' id='word_1_339' title='bbox 962 4337 1080 4406; x_wconf 82' lang='lat' dir='ltr'><strong>hebere</strong></span> <span class='ocrx_word' id='word_1_340' title='bbox 1103 4339 1232 4403; x_wconf 88' lang='lat' dir='ltr'><strong>videtur</strong></span> 
     </span>
     <span class='ocr_line' id='line_1_39' title="bbox 55 4439 1231 4524; baseline 0.008 -27"><span class='ocrx_word' id='word_1_341' title='bbox 55 4439 198 4505; x_wconf 89' lang='lat' dir='ltr'><strong>utilitatis.</strong></span> <span class='ocrx_word' id='word_1_342' title='bbox 238 4443 385 4508; x_wconf 77' lang='lat' dir='ltr'><strong>existimo</strong></span> <span class='ocrx_word' id='word_1_343' title='bbox 406 4443 493 4504; x_wconf 88' lang='lat' dir='ltr'><strong>enim</strong></span> <span class='ocrx_word' id='word_1_344' title='bbox 516 4443 705 4524; x_wconf 87' lang='lat' dir='ltr'><strong>simpliciler</strong></span> <span class='ocrx_word' id='word_1_345' title='bbox 725 4445 857 4524; x_wconf 81' lang='lat' dir='ltr'><strong>opimum</strong></span> <span class='ocrx_word' id='word_1_346' title='bbox 886 4445 927 4505; x_wconf 89' lang='lat' dir='ltr'><strong>itu</strong></span> <span class='ocrx_word' id='word_1_347' title='bbox 949 4443 1137 4506; x_wconf 82' lang='lat' dir='ltr'><strong>mutantium</strong></span> <span class='ocrx_word' id='word_1_348' title='bbox 1161 4461 1231 4506; x_wconf 86' lang='lat' dir='ltr'><strong>esse</strong></span> 
     </span>
     <span class='ocr_line' id='line_1_40' title="bbox 55 4545 1231 4626; baseline 0.007 -26"><span class='ocrx_word' id='word_1_349' title='bbox 55 4552 84 4602; x_wconf 88' lang='lat' dir='ltr'><strong>ul</strong></span> <span class='ocrx_word' id='word_1_350' title='bbox 103 4561 208 4608; x_wconf 76' lang='lat' dir='ltr'><strong>vocam</strong></span> <span class='ocrx_word' id='word_1_351' title='bbox 244 4545 418 4608; x_wconf 87' lang='lat' dir='ltr'><strong>habeamus</strong></span> <span class='ocrx_word' id='word_1_352' title='bbox 450 4563 522 4608; x_wconf 88' lang='lat' dir='ltr'><strong>cum</strong></span> <span class='ocrx_word' id='word_1_353' title='bbox 549 4563 733 4626; x_wconf 67' lang='lat' dir='ltr'><strong>tuaequae</strong></span> <span class='ocrx_word' id='word_1_354' title='bbox 765 4556 813 4609; x_wconf 89' lang='lat' dir='ltr'><strong>ast</strong></span> <span class='ocrx_word' id='word_1_355' title='bbox 842 4547 985 4626; x_wconf 81' lang='lat' dir='ltr'><strong>optimum</strong></span> <span class='ocrx_word' id='word_1_356' title='bbox 1018 4545 1176 4610; x_wconf 88' lang='lat' dir='ltr'><strong>secundae</strong></span> <span class='ocrx_word' id='word_1_357' title='bbox 1200 4557 1231 4609; x_wconf 90' lang='grc' dir='ltr'><strong>ει</strong></span> 
     </span>
    </p>
   </div>
   <div class='ocr_carea' id='block_1_3' title="bbox 0 0 1596 5132">
    <p class='ocr_par' dir='ltr' id='par_1_5' title="bbox 0 0 1596 5132">
     <span class='ocr_line' id='line_1_41' title="bbox 0 0 1596 5132; baseline 0 3"><span class='ocrx_word' id='word_1_358' title='bbox 0 0 1596 5132; x_wconf 95' lang='lat' dir='ltr'><strong> </strong></span> 
     </span>
    </p>
   </div>
  </div>
 </body>
</html>
