3252 5130
339 393 412 466 598
736 409 781 469 Ex
803 427 903 471 aaran
925 412 1134 474 Banournrnsr.

337 607 443 659 ratur:
476 595 533 658 sed
556 597 676 659 leniore
700 596 922 661 emendatione
945 597 1123 663 scribemus
1145 595 1324 686 ἐρράχιστο,
1356 601 1516 682 Hesychius

340 697 487 785 ῥαχίζειν,
512 698 613 762 παίειν
635 694 668 763 τὸ
693 699 810 784 ἱερεῖον.

425 820 542 882 CXVll.
587 818 740 882 Annaeus
761 821 880 884 Seneca
897 822 1216 886 Controversiammr
1239 824 1294 884 55
1317 823 1515 906 quomodocu-

338 923 482 1006 criiepas,
508 924 649 1005 quamvis
671 943 692 984 a
707 930 734 984 tc
748 931 901 999 servatus,
916 926 1044 1005 periret,
1070 928 1114 988 sic
1129 927 1259 989 atterius
1270 926 1395 1008 puellae
1408 934 1513 1007 raptor.

338 1020 438 1112 (licet)
454 1046 476 1087 a
490 1033 517 1087 te
532 1033 686 1102 seruatus,
699 1025 820 1107 peribit.
854 1027 888 1088 in
903 1027 1058 1089 librorum
1074 1027 1190 1091 menda
1205 1033 1373 1111 ptemitate
1382 1029 1515 1091 Schottus

338 1130 437 1191 latere
460 1127 615 1192 intellexit
638 1136 746 1210 raptor
768 1148 789 1189 a
811 1137 848 1190 te.
896 1140 964 1192 tum
987 1131 1056 1194 lieet
1083 1130 1124 1192 ab
1152 1132 1264 1194 liaasio
1293 1132 1433 1195 additum
1462 1143 1511 1194 est.

338 1230 517 1295 eruendum
538 1233 645 1312 potius
668 1240 736 1292 erat
758 1239 879 1312 raptor,
905 1241 940 1295 ut
961 1253 982 1295 a
1004 1241 1031 1295 te
1053 1243 1206 1297 servatus.

424 1335 459 1396 ln
481 1332 677 1416 praefatione
700 1334 774 1396 libri
798 1336 1091 1399 Controuersiarum
1114 1340 1202 1400 tertii
1224 1349 1393 1420 postquam
1413 1337 1450 1400 de
1464 1337 1514 1398 Ce-

338 1439 397 1500 stio
420 1438 482 1500 alin
504 1437 587 1500 dicta
611 1447 686 1499 sunt
707 1439 753 1500 sic
776 1441 921 1519 pergitur
943 1437 961 1522 ξ
985 1440 1024 1500 tt
1047 1460 1080 1521 p.
1108 1442 1169 1503 aaa
1194 1442 1322 1520 lliessl.‚
1347 1443 1514 1503 mamm-ime

339 1544 457 1604 intrare
478 1541 612 1603 saboiam
634 1542 700 1602 eriis
723 1559 792 1602 eurr
813 1544 1001 1605 recitaturus
1020 1551 1096 1606 esset
1119 1545 1151 1604 iu
1166 1545 1325 1606 Milouem:
1351 1546 1462 1609 Cestius
1479 1563 1514 1605 car

337 1643 552 1706 causaretudiue
574 1660 634 1706 sua
655 1647 786 1706 miratus
809 1644 926 1706 dicebat
950 1646 991 1707 ‘si
1015 1645 1118 1707 Tlreae
1139 1663 1252 1720 essem,
1279 1649 1392 1709 Fusius
1413 1665 1512 1720 eoscum

337 1749 367 1808 si
382 1748 590 1828 pantomimus
612 1764 718 1820 essem
743 1746 904 1828 Bathyllus
920 1766 1034 1824 cssem,·
1056 1750 1086 1810 si
1099 1767 1205 1829 equus,
1231 1748 1388 1812 Meliteia!
1430 1750 1512 1810 Cestii

279 1837 460 1912 aranomen'
490 1869 551 1911 non
576 1851 697 1912 Seneca
719 1849 849 1913 videtur
877 1849 1058 1930 addidisse,
1090 1851 1147 1914 sed
1174 1851 1342 1914 adnotasse
1363 1852 1509 1914 librarius.

338 1950 456 2015 deinde
479 1954 598 2015 rectius
621 1972 654 2016 se
678 1973 773 2034 quam
806 1973 862 2016 sua
891 1955 1024 2016 miratus
1054 1953 1217 2018 diceretur
1239 1955 1374 2018 Cestius.
1421 1957 1511 2034 itaque

338 2055 543 2118 scribendum
566 2075 637 2118 esse
660 2065 736 2137 puto
750 2059 875 2119 memmi
896 2092 935 2102 -
961 2057 992 2117 io
1007 2057 1168 2118 Milouem:
1191 2075 1235 2120 cm
1249 2057 1510 2120 cousuetudincsui

338 2158 470 2220 mirator
491 2157 608 2221 dicebat
630 2167 690 2220 etc.

426 2261 718 2324 Controuersiarum
742 2281 770 2323 rx
794 2262 834 2323 25
859 2265 900 2325 26
923 2281 956 2343 p.
977 2262 1037 2322 tto
1068 2264 1175 2325 Liuius
1206 2262 1243 2324 de
1276 2261 1445 2325 aratoribus
1470 2263 1513 2344 qui

295 2433 299 2444 g
340 2363 433 2425 verba
456 2365 583 2444 outrpua
604 2371 633 2425 et
653 2364 781 2426 sordida
803 2372 1015 2428 consectantur
1037 2373 1065 2427 et
1086 2367 1234 2428 arationis
1250 2365 1457 2428 obscuritatem
1472 2383 1511 2426 se

338 2466 495 2527 veritatem
522 2473 634 2546 puta-ut
662 2465 762 2530 aiebat
784 2467 942 2529 Miltiaden
965 2468 1115 2530 rhetorem
1145 2468 1297 2550 eleganter
1319 2467 1437 2531 dimisse
1457 2462 1511 2530 Elll

338 2563 420 2633 TON
444 2563 858 2633 ΔΕΞΙΟΝΛΛΑΙΝΟΝΤΑΙ.
906 2569 992 2650 quod
1016 2590 1052 2632 ex
1075 2570 1205 2632 Graecis
1237 2571 1353 2633 litteris
1383 2573 1510 2632 odedum

339 2681 386 2734 est
415 2667 463 2734 ἐπὶ
490 2665 524 2736 τὸ
546 2665 661 2742 inituim
691 2669 865 2755 μαίνονται,
902 2671 936 2734 id
959 2672 1077 2736 Graece
1108 2672 1280 2736 dicendum
1314 2685 1384 2736 erat
1410 2670 1512 2755 ἐπὶτῷ

338 2776 455 2860 latiari).
495 2774 552 2837 sed
575 2795 617 2836 ne
641 2776 700 2837 hoc
723 2774 853 2856 quidem
878 2777 1049 2856 quicquam
1072 2775 1204 2840 haberet
1226 2777 1413 2857 elegantiae.
1451 2795 1512 2857 pra

338 2879 401 2940 latu
424 2887 499 2940 sunt
521 2879 617 2940 etiam
641 2877 823 2957 inficetiora‚
851 2896 933 2957 quae
955 2887 1130 2959 praetereo.
1177 2897 1284 2959 neque
1308 2881 1394 2942 enim
1415 2878 1512 2942 dubito

338 2979 499 3044 lliltiaden
523 2980 638 3044 dixisse
667 2975 715 3043 ea
736 2982 795 3044 τῶν
819 2979 926 3052 λέξεων
950 2979 1115 3064 μαίνονται.
1163 2983 1315 3044 nimirum
1346 2983 1426 3046 salse
1453 3001 1512 3044 mu-

339 3085 418 3146 tavit
440 3082 525 3164 quod
548 3085 698 3146 isocrates
720 3083 804 3145 dixit
826 3085 859 3145 in
880 3084 1024 3165 Philippo
1047 3082 1064 3166 §
1089 3085 1148 3145 lia
1171 3104 1204 3165 p.
1226 3085 1301 3145 408ο
1322 3088 1384 3149 τῶν
1406 3079 1450 3148 ἐπὶ
1468 3087 1511 3146 roi

341 3181 475 3272 βήματος
498 3185 698 3270 μαινομένων.

426 3307 554 3368 CXVlll.
581 3307 782 3388 Epigramma
798 3307 948 3368 Martialis
972 3306 1058 3387 quad
1080 3305 1205 3369 codices
1220 3308 1344 3372 Thuani
1367 3321 1399 3372 et
1410 3307 1513 3372 Virdo

339 3411 490 3472 bonensis
511 3419 582 3491 post
605 3428 732 3472 carmen
755 3429 802 3470 xxr
826 3409 898 3471 libri
922 3407 1179 3489 Epigrammaton
1209 3412 1383 3492 singularis
1408 3411 1513 3474 addunt

339 3535 356 3576 a
379 3512 625 3576 Schneidewino
648 3514 691 3574 ite
714 3513 867 3593 scriptum
890 3522 950 3590 est,
1248 3496 1253 3504 ’

570 3649 690 3732 Orphea
712 3649 791 3731 quad
813 3649 910 3712 subito
933 3649 1022 3712 tellus
1045 3651 1144 3712 emisit
1165 3650 1263 3728 biatu,

611 3771 703 3814 uersa
726 3787 764 3798 -
789 3754 966 3814 miramur?
989 3785 1027 3800 -
1052 3757 1134 3816 veuit
1156 3753 1194 3815 ab
1216 3755 1381 3837 Eurydice.

341 3891 436 3954 babet
470 3890 552 3953 liber
583 3890 704 3952 Thuani
734 3891 826 3952 Versa
861 3891 1025 3970 miramur,
1064 3890 1321 3954 vindobonensis
1350 3896 1466 3956 Versum
1492 3893 1513 3952 is

340 4015 442 4071 amur,
469 3997 502 4056 in
524 4013 587 4074 quo
614 3992 699 4054 idem
723 3991 803 4054 illud
826 3991 913 4054 latet.
961 3993 1019 4056 sed
1041 3994 1199 4076 Eurydice
1227 3997 1316 4058 nullo
1347 4009 1435 4079 pacto
1460 3995 1512 4059 dici

340 4099 443 4178 potuit
464 4115 567 4160 versa.
614 4114 730 4176 nempe
752 4095 901 4176 Orpheus
924 4105 1008 4158 retro
1031 4116 1145 4160 versus
1167 4098 1257 4161 flexit
1286 4119 1397 4162 amans
1421 4099 1513 4162 oculos

341 4210 372 4261 et
393 4202 541 4279 protinus
570 4198 622 4260 illa
646 4198 770 4278 relapsa
793 4208 853 4261 est.
911 4217 1007 4280 quam
1037 4199 1078 4261 ob
1112 4219 1179 4262 rem
1213 4202 1289 4264 olim
1322 4201 1511 4265 scribendum

341 4320 410 4364 esse
434 4302 552 4364 conieci
582 4319 640 4380 our
660 4302 706 4363 sic
727 4302 905 4362 miramur?
949 4302 1053 4364 simile
1083 4303 1239 4384 estquod
1262 4305 1512 4369 Schneidewinus

342 4405 374 4465 in
404 4404 596 4485 praelatione
626 4403 854 4484 exemplarium
888 4405 1048 4468 minorum
1079 4427 1110 4487 p.
1136 4426 1172 4468 xx
1202 4409 1379 4489 quaesivit,
1414 4404 1510 4470 incidit

341 4517 447 4568 autem
470 4509 503 4567 in
526 4524 670 4587 quorsum
693 4508 871 4591 miramur?
907 4510 996 4588 atqui
1019 4528 1077 4571 cur
1092 4511 1144 4572 hio
1160 4509 1224 4572 diei
1247 4514 1362 4594 patuit,
1387 4531 1444 4574 uon
1462 4527 1510 4591 po-
1547 4491 1551 4495 ’
