3156 5132
543 394 712 458 huttacrt.
1148 382 1223 456 383

53 576 166 661 cemele,
191 582 315 646 addidit
338 594 443 646 temen
471 585 520 646 ‘in
544 585 602 646 hac
624 603 746 648 summa
771 583 971 648 testinatione
995 587 1075 648 nihil
1098 591 1225 668 excogi-

1 754 6 768 ,
53 695 110 746 tare
136 705 214 768 queo
244 685 331 767 quod
352 687 404 748 vel
426 688 505 748 mihi
529 690 590 768 ipsi
613 688 773 750 arrideat!
819 691 994 751 hleinekius
1016 691 1154 760 Bentleii
1174 693 1225 752 in-

53 799 167 850 ventum
190 790 315 870 probat,
340 790 397 852 sed
421 801 455 852 ut
478 793 577 872 recipi
599 794 698 872 possit
713 810 792 872 opus
809 811 879 853 esse
895 791 983 856 videt
1000 803 1117 856 mutato
1133 792 1225 856 disti-

52 891 165 954 chorum
187 893 312 957 ordine.
360 894 567 957 seribendum
591 897 689 975 igitur
711 896 754 956 ita
778 913 847 958 esse
869 905 970 976 putat,

163 991 229 1061 οὐδ’
255 990 325 1062 ’όσσν
348 990 516 1082 ἀσπάραγόν
539 1019 573 1060 τυ
597 995 791 1080 δεδοίκαρες·
818 997 849 1061 αί
871 992 928 1083 γὰρ
952 995 1068 1083 ἐπῳδαὶ

208 1097 286 1165 oium
307 1105 351 1165 τῶ
373 1104 500 1186 χαλεπῶ
521 1095 690 1186 τραύματος
713 1094 891 1187 ἀμφότεραι.

161 1198 228 1266 ἔσθ’
255 1198 326 1288 ἁμῖν
348 1201 400 1267 καί
422 1199 538 1275 παστὰς
561 1198 690 1290 ἀφειδέα
711 1198 784 1289 πρὸς
805 1198 856 1268 τὸν
878 1201 995 1290 ἔρωτα·

208 1304 289 1371 τουτί
310 1303 360 1371 ναί
383 1307 477 1393 κείρει
497 1303 536 1372 τὰ
557 1303 650 1393 πτερὰ
671 1294 861 1394 παιδαρίαιιι.Ι

50 1414 219 1488 pronomine
243 1412 329 1494 quod
353 1422 400 1474 est
421 1406 456 1476 τό
479 1423 603 1493 poetam
625 1411 753 1494 adloqui
774 1422 864 1494 putat
879 1413 1069 1494 Philippum,
1095 1417 1279 1478 acuiusaaa

49 1531 140 1576 amore
167 1535 201 1576 se
224 1525 327 1578 tutum
358 1525 520 1596 praestare
550 1517 667 1597 cupiat.
714 1514 772 1578 sed
799 1518 938 1598 primum
960 1513 1042 1579 ταυτί
1064 1516 1221 1580 lacobsius

48 1617 113 1677 mihi
135 1618 262 1681 videtur
284 1622 460 1681 rectissime
482 1620 623 1682 alienum
638 1616 679 1680 ab
694 1619 744 1681 bis
760 1619 907 1683 versibus
923 1618 1098 1682 iudicasse:
1125 1621 1221 1702 quid-

47 1721 114 1798 quid
141 1726 223 1784 enim
249 1723 459 1786 Callimachus
488 1721 683 1785 carminibus
711 1725 778 1785 suis
807 1743 847 1784 ex
868 1722 970 1785 Attico
993 1741 1140 1786 sermone
1163 1725 1221 1786 ad-

47 1827 206 1906 miscuerit,
222 1825 469 1890 demonstrativa
485 1827 538 1889 illa
554 1827 652 1888 forma
668 1826 709 1888 ab
725 1827 821 1889 huius
837 1829 1071 1908 epigrammatis
1087 1827 1221 1890 dialecto

46 1927 191 1991 abhorret.
239 1929 358 1993 deinde
381 1925 511 2016 ἀφειδέα
533 1927 630 2014 ἔρωτα
653 1949 716 1992 uon
739 1939 816 2011 puto
839 1931 981 2010 intellegi
1004 1949 1095 2011 posse
1118 1934 1221 2013 impo-

46 2043 150 2094 tentem
173 2054 347 2116 pucrorum
369 2053 507 2098 amorem
531 2053 638 2114 neque
660 2036 787 2095 omnino
811 2034 890 2097 illud
913 2033 976 2096 dici
999 2035 1217 2116 hiepotuisse,

45 2141 93 2196 etsi
121 2148 204 2200 recte
233 2138 316 2200 dixit
339 2139 453 2200 Paulus
482 2139 678 2200 silentiarius
699 2136 797 2200 Anah.
824 2139 886 2199 Pal.
913 2159 943 2199 v.
963 2138 1024 2200 aab
1048 2135 1128 2202 είδσν
1158 2132 1219 2222 ἐγὼ

44 2241 203 2320 πσδέσντας,
230 2235 283 2305 ὕπ’
309 2229 472 2326 ἀπλήστσισ
496 2239 529 2304 δὲ
552 2235 663 2324 λύσσης
678 2235 778 2326 Arpha
794 2240 825 2305 ἐν
843 2234 986 2326 ἀλλήλοις
1000 2239 1106 2328 χείλεα
1119 2235 1220 2326 πηξά-

45 2367 117 2424 ρενσι
143 2341 186 2410 Οὐ
216 2339 305 2431 κόροι
334 2343 418 2432 εἶχαν
446 2342 557 2430 ἔρωτας
579 2339 729 2429 ἀφειδίας.
777 2345 899 2408 accedit
928 2345 1122 2410 incommoda
1144 2365 1219 2408 ver-

46 2448 142 2510 borum
166 2451 349 2512 conlocatio.
397 2449 537 2530 denique
561 2451 669 2510 uxoris
691 2452 978 2512 conmemoratione
1000 2468 1133 2512 acumen
1150 2451 1219 2531 epi-

44 2557 212 2630 grammatis
235 2553 434 2616 retunditur:
468 2561 575 2614 eontra
597 2554 625 2612 si
648 2554 691 2614 ita
715 2553 835 2630 finitur,
862 2551 893 2616 αί
915 2548 972 2638 γὰρ
995 2549 1110 2639 ἐπῳδαὶ
1132 2548 1219 2616 Oltam

43 2659 76 2717 mi
95 2659 218 2743 χαλεπῶ
239 2651 409 2743 τραύματος
431 2647 618 2740 ἀμφότεραι,
646 2675 745 2717 unum
769 2665 816 2717 est
839 2665 871 2718 et
893 2666 1040 2718 constans
1063 2656 1124 2718 sibi
1148 2659 1218 2736 epi-

43 2780 180 2842 gramma,
205 2764 296 2824 euius
318 2763 420 2822 omnis
442 2761 531 2840 lepor
554 2778 590 2821 eo
613 2761 793 2821 continetur
816 2759 900 2839 quod
922 2769 1013 2840 poeta
1029 2759 1092 2822 duo
1107 2761 1218 2820 valen-

44 2868 148 2926 tissima
179 2869 294 2927 amoris
331 2862 470 2925 remedia
500 2863 562 2924 sibi
594 2873 718 2942 praesto
748 2880 819 2924 esse
848 2861 1011 2941 adfirmat,
1047 2865 1157 2943 poesin
1187 2871 1217 2923 et

44 2966 156 3030 latrem.
203 2968 236 3030 id
260 2971 408 3048 quoniam
439 2985 594 3028 summam
624 2965 800 3027 sententiae
831 2964 926 3028 elficit
953 2964 1003 3028 bis
1025 2967 1214 3028 inculcatur.

43 3088 111 3148 quae
135 3091 205 3134 cum
229 3075 271 3133 ita
293 3075 369 3148 siut,
395 3089 507 3132 censeo
530 3069 673 3134 ordinem
698 3068 904 3130 distichorum
927 3087 989 3129 non
1014 3088 1082 3130 esse
1106 3071 1216 3130 inver-

42 3175 177 3252 tendum,
208 3175 265 3237 sed
292 3173 499 3236 scribendum
522 3182 641 3236 mutata
665 3170 878 3234 tantummodo
902 3171 1036 3234 duarum
1061 3173 1214 3233 vocalium

43 3282 136 3356 specie

182 3376 250 3445 ἔσθ’
276 3375 349 3465 ἁμῖν
371 3371 512 3466 χᾶιιαστα
540 3375 623 3466 (σάφ’
650 3369 737 3465 ᾔδεα)
764 3371 837 3466 πρὸς
859 3373 911 3442 τὸν
934 3375 1044 3463 ἔρωτα.

231 3485 337 3563 τσυτεῖ,
363 3483 428 3562 παῖ,
454 3482 554 3568 κείρει)
576 3479 613 3548 τὰ
635 3477 739 3569 πτερά,
764 3477 935 3567 παιδάριον.

44 3588 132 3652 idest
153 3589 245 3651 dobeo
267 3588 403 3669 equidem
425 3595 586 3669 utrumque
608 3589 683 3650 odeo
707 3587 794 3668 (bccc
816 3585 938 3664 norom)
963 3585 1113 3646 adversus
1129 3602 1214 3644 cmc-

44 3711 94 3753 rom
108 3693 282 3754 remedium.
322 3691 380 3766 liic,
396 3709 486 3770 puer,
504 3689 718 3752 dcct'debootm·
734 3689 789 3751 titt
799 3706 928 3768 procae,
949 3687 1087 3766 puerulo.
1128 3685 1213 3765 quod

43 3793 110 3856 dixit
135 3795 264 3874 ἕκαστα,
291 3815 363 3856 cum
393 3792 525 3855 deberet
553 3787 681 3878 ἑκάτερα
709 3794 758 3853 vel
791 3785 964 3875 ἀμφότερα,
998 3808 1060 3850 non
1083 3807 1214 3868 prorsus

43 3896 144 3960 desunt
165 3901 261 3960 huius
284 3899 447 3959 abusionis
469 3897 614 3978 exeutpla
638 3894 823 3975 dictumque
847 3893 886 3954 de
910 3913 945 3954 ea
962 3902 1041 3954 esta
1058 3891 1214 3953 Ludovico

45 3999 185 4063 bindoriio
208 4005 241 4063 iu
265 4003 425 4062 Thesauro
448 4000 600 4080 Stephani
624 4009 647 4060 t.
666 4017 699 4060 tu
723 4019 755 4079 p.
774 3997 848 4058 355.
897 4005 1038 4076 repetam
1062 4013 1144 4074 quae
1168 3993 1212 4054 ibi

44 4105 143 4179 pmlata
170 4114 246 4168 sunt
268 4115 300 4166 et
322 4123 384 4164 non
409 4104 494 4165 nulla
517 4101 642 4163 addam.
691 4104 797 4181 itaque
821 4101 919 4162 luisse
942 4101 997 4178 qui
1021 4096 1127 4159 iliadis
1144 4097 1206 4157 tul

45 4224 65 4264 ιι
82 4211 132 4268 tao
150 4211 210 4270 656
236 4209 320 4269 hunc
344 4227 435 4268 usum
454 4209 596 4286 reperire
612 4204 673 4268 sibi
689 4202 878 4266 viderentur
899 4221 938 4263 ex
954 4201 1081 4262 scholiis
1096 4219 1212 4279 cogno-

43 4312 142 4373 scitur:
167 4313 248 4376 male
273 4309 403 4391 quidem
426 4311 483 4389 illi,
508 4308 566 4371 sed
590 4309 803 4388 intellegimus
827 4316 930 4366 tamen
955 4323 1015 4366 non
1041 4313 1103 4364 tam
1120 4304 1212 4364 inau-

43 4409 125 4473 ditam
147 4416 243 4478 luisse
260 4415 341 4476 hano
356 4413 484 4476 dicendi
501 4415 653 4475 rationem
671 4422 705 4474 ut
721 4431 782 4472 non
798 4411 937 4490 potuerit
953 4405 993 4468 de
1010 4426 1045 4468 ea
1061 4407 1207 4484 cogitari:

44 4523 66 4570 et
87 4513 207 4580 additur
229 4521 262 4578 in
285 4517 402 4578 scholio
424 4516 465 4578 ad
481 4517 545 4578 tul
574 4511 634 4578 ἐστὶ
657 4513 690 4576 δὲ
708 4507 853 4588 Ἀττικόν,
888 4510 973 4592 quod
996 4529 1071 4570 saue
1096 4509 1210 4569 mirum

946 4631 1002 4680 25*

895 4707 908 4734 Ι
