3178 5136
543 383 761 487 Corporeum.
1171 415 1243 486 575

50 637 136 700 πέντε
159 628 298 720 δραχμὰς
313 628 403 708 εἶναι,
420 629 532 717 φρὲιας
547 623 652 716 ἀνέρος
668 625 759 693 εἰπόν
774 625 827 702 τὰς
843 625 1011 716 αἰσθήσεις,
1036 621 1128 705 οόσας
1142 632 1241 696 πέντε.

49 733 95 805 ότι
117 736 152 802 δὲ
175 730 314 823 δραχμὰς
341 725 436 798 πέντε
451 728 591 820 βούλεται
620 729 700 797 εἶναι
727 729 778 797 καί
806 724 875 798 οὔτε
906 729 1030 820 ὀβολοὺς
1052 725 1120 800 οότε
1143 734 1244 822 λίτρας

50 834 118 908 οὔτε
141 832 216 906 ἄλλο
243 859 272 902 τι
298 840 432 902 τοιοῦτον
460 833 645 900 ἐνδείκνυται
674 830 725 898 διὰ
749 837 809 898 τῶν
832 833 911 921 ἑξῆς,
936 842 1050 922 πρῶτον
1074 835 1127 920 μὲν
1156 833 1244 902 εἰπόν

52 941 149 1028 Mic-fc
176 943 281 1026 (immo
305 935 416 1022 Βοίλλε)
445 937 478 1003 bl
500 935 552 1002 καί
575 933 715 1024 θραχμῆν
738 935 896 1004 Ναυπλίου
911 935 1062 1026 Εὖβοίας,
1089 936 1150 1005 εἶθ’
1177 941 1245 1026 ἑξῆς

49 1043 100 1110 καί
121 1047 185 1118 τοῖς
214 1035 318 1116 ἄλλοις
345 1039 515 1128 προστιθείς
542 1036 649 1106 ταύτὸν
671 1032 769 1126 ὄνομα
788 1036 823 1106 τό
852 1046 906 1127 τῆς
929 1043 1078 1130 δραχμῆς.
1125 1063 1165 1106 ex
1188 1046 1246 1108 huo

55 1151 319 1230 interpretatione
348 1139 458 1232 κρόκου
486 1147 519 1208 in
549 1161 677 1208 carmen
700 1146 839 1209 Philonis
861 1147 942 1209 mele
974 1148 1159 1211 translatum
1183 1160 1242 1226 est,

52 1257 158 1335 ipsum
180 1260 286 1314 eutem
310 1249 473 1312 Philonem
495 1249 561 1310 veri
584 1248 687 1310 simile
710 1259 758 1312 ost
780 1251 947 1330 scripsisse
1158 1239 1162 1252 ’

213 1369 298 1434 ἕλκοι
320 1366 354 1431 δὲ
376 1363 510 1451 σταθμόν
533 1367 645 1453 φρένας
668 1361 791 1452 ἀνέρος·
816 1361 852 1432 oti
875 1363 933 1452 γὰρ
956 1359 1081 1452 ἄδηλον.

51 1493 141 1554 Croci
166 1489 304 1553 tabulam
327 1489 547 1570 pervulgatam
570 1507 639 1550 esse
662 1487 818 1568 significet
838 1488 971 1552 Ovidius
994 1490 1065 1552 Μαι.
1085 1505 1112 1550 ιν
1128 1489 1201 1569 283,
1220 1500 1247 1552 et

53 1595 169 1656 Crocon
203 1595 235 1655 iu
262 1609 378 1674 parvos
409 1607 532 1653 versum
561 1607 629 1652 cum
652 1591 784 1652 Smilace
811 1591 902 1671 (loces
928 1591 1084 1654 Praetereo
1107 1593 1245 1675 dulcique

51 1700 171 1759 animos
191 1693 326 1757 nouitate
348 1691 459 1756 tenebo.
499 1689 540 1754 ad
563 1709 620 1754 nos
642 1695 748 1755 tenuis
771 1693 840 1755 eius
863 1691 988 1756 fabulae
1004 1697 1154 1757 memorie
1170 1716 1246 1778 per-

51 1801 151 1862 venit.
199 1795 285 1879 apud
308 1795 447 1859 eundem
470 1793 618 1857 Ovidium
641 1797 722 1857 Fast.
742 1793 838 1858 vum
860 1795 950 1857 Flora
967 1795 1147 1877 haecdicit,
1172 1800 1246 1880 quid

52 1903 167 1964 Orocou
190 1905 245 1962 out
266 1895 348 1961 tutu
370 1897 504 1979 reserum
529 1897 699 1979 tb'uyrupue
721 1905 875 1974 creatum,
907 1899 950 1960 De
972 1917 1101 1982 quorum
1121 1919 1179 1982 per
1200 1919 1246 1963 me

50 2005 174 2066 uoluere
188 2003 289 2084 surpit
309 2001 427 2062 bonor?
472 2001 591 2062 Plinius
606 2001 676 2061 Nat.
697 2000 771 2061 hist.
789 2019 841 2062 xvi
863 1999 957 2083 §tm
982 2001 1022 2063 de
1046 2003 1172 2064 smilace
1196 2007 1245 2065 iu·

46 2107 156 2188 fausto
180 2103 318 2166 omuibus
337 2104 438 2166 sacris
452 2109 481 2165 et
502 2105 632 2178 corom'c,
657 2104 799 2183 primulum
814 2105 854 2165 sit
869 2103 1020 2186 lupubu's,
1045 2105 1165 2188 uirpt'ue
1180 2109 1244 2168 eius

49 2209 181 2271 nominis
206 2215 333 2288 propter
362 2223 496 2276 uenerem
525 2205 644 2267 iuveuis
676 2205 765 2266 Groct
788 2211 906 2268 mutulo
935 2207 967 2266 ιἰι
988 2205 1069 2269 λαιια
1087 2206 1241 2287 fruticem.

50 2314 182 2375 Servius
205 2313 239 2373 iu
261 2311 374 2390 Georg.
399 2327 428 2369 ιν
446 2309 506 2373 ⁴82
529 2327 707 2391 crocumque
727 2307 894 2370 rubentem.
942 2309 1111 2372 Sallustius
1133 2312 1166 2371 ιἰι
1188 2313 1246 2372 m·-

48 2417 153 2478 storit's
183 2414 230 2475 ait
259 2413 303 2474 ‘iu
332 2429 393 2493 quo
427 2409 532 2492 (immo
555 2413 587 2473 iu
609 2429 686 2492 quo:
716 2430 748 2472 ν.
773 2411 907 2473 Nonium
929 2429 963 2491 p.
981 2412 1043 2476 mu
1061 2411 1090 2492 7)
1123 2431 1244 2474 crocum

47 2516 210 2601 pipnttur!
244 2532 353 2600 pecore
375 2521 483 2576 ueutro
498 2514 662 2576 secuudum
685 2521 784 2576 ortem
797 2531 874 2576 tuus
889 2521 950 2589 est,
973 2513 1022 2576 lu'c
1033 2516 1146 2594 poetice
1160 2534 1245 2578 mos-

49 2621 168 2699 οιιίιαο,
201 2617 336 2700 reserem
359 2616 401 2677 ud
419 2635 552 2698 puerum
582 2617 636 2697 pul
656 2617 688 2676 iu
710 2615 790 2676 bunc
810 2615 916 2695 (torem
939 2615 1051 2678 dicitur
1079 2635 1144 2679 esse
1172 2637 1245 2680 cou-

50 2707 182 2785 versuo.¹
221 2718 335 2781 tribuit
349 2717 485 2800 Vergilio
508 2718 613 2798 quelle
634 2716 676 2778 ab
696 2717 764 2779 eius
780 2719 921 2779 castitate
936 2717 1039 2778 aliena
1058 2736 1128 2779 esse
1146 2721 1302 2781 Lech-tte

50 2843 188 2887 mannus
210 2823 242 2884 in
266 2821 489 2883 commentario
504 2821 687 2882 Lucretiano
711 2840 741 2899 p.
763 2819 822 2879 ⁴65
846 2821 1011 2882 verissime
1028 2819 1145 2882 docuit.
1186 2823 1244 2886 sed

50 2949 104 2991 suo
128 2945 219 2988 more
248 2925 370 2986 locutus
398 2934 447 2986 est
477 2923 606 2984 Nonnus
628 2942 665 2983 xv
687 2923 744 2983 35t
779 2915 871 3006 όψόθι
892 2915 1005 3006 τύμβου
1021 2911 1131 2986 Ἄνθεα
1153 2921 1244 3010 Ναρ-

49 3029 166 3094 κίσσοιο
194 3021 394 3111 ποθοβλήτοιο
422 3023 556 3110 γενέσθω
575 3015 625 3087 Ἢ
656 3021 764 3109 κρόκος
792 3016 921 3110 ἱμερόεις
950 3017 971 3108 ἢ
999 3023 1123 3110 μίλακος
1153 3018 1245 3101 ἄνθος

47 3128 200 3219 Ἐρώτων.
248 3148 327 3192 xxxn
351 3131 391 3189 86
421 3123 472 3191 καί
494 3124 600 3214 κρόκος
629 3121 797 3212 ἐβλάστησε
819 3123 907 3198 Κίλιξ
936 3122 987 3192 καί
1013 3122 1120 3214 ἐφόετο
1145 3133 1242 3214 μῖλαξ,

51 3232 146 3322 Θήλεϊ
170 3227 199 3296 δ’
234 3223 345 3318 όρσενα
373 3226 474 3317 φόλλα
497 3227 656 3295 συνέπλεκε
678 3230 788 3314 γείτονι
814 3227 905 3316 ποίῃ,
937 3227 997 3295 Οἷα
1018 3226 1115 3297 πόθου
1137 3233 1245 3298 πνείων
1284 3289 1286 3296 ,

51 3337 101 3405 καί
123 3340 159 3403 ἐν
182 3325 316 3416 ἄνθεσιν,
342 3327 433 3422 ἁβρὸς
456 3329 587 3418 ἀκοίτης.
635 3335 777 3396 eiusdem
808 3334 932 3397 fabulae
959 3337 1103 3400 meminit
1125 3357 1166 3400 κει
1190 3339 1242 3418 85,

52 3435 248 3528 ἑοστεφόνοιο
264 3436 298 3502 δὲ
312 3431 423 3522 κοόρῆς
436 3433 572 3508 Μίλακος
586 3434 706 3521 ἱμείρων
720 3427 838 3521 Κρόκος
852 3434 973 3501 ἔσσεται
988 3427 1078 3512 α’ίνθος
1088 3433 1242 3526 Ἐρώτων.

140 3562 257 3624 LXXV.
289 3562 419 3621 Tnetzcs
442 3559 524 3620 Chil.
541 3577 558 3618 ν
573 3558 636 3618 756
659 3558 715 3620 hos
736 3576 851 3620 versus
874 3559 1077 3639 Hipponactis
1092 3563 1242 3638 servavit,

327 3679 408 3762 λιμῷ
429 3675 553 3760 γίνηται
574 3670 672 3761 ξηρός,
697 3674 730 3738 ἐν
753 3673 787 3739 δὲ
807 3678 851 3762 τῷ
873 3676 963 3761 θυμῷ

326 3775 485 3865 φαρμακός
507 3775 614 3865 ἀχθεὶς
636 3773 757 3850 ἑπτάκις
780 3777 952 3863 ῥαπισθείῆ.

53 3902 267 3987 probabiliter
287 3901 461 3964 lleinelrius
491 3898 605 3984 γίνοιτο
633 3899 838 3962 scribendum
866 3919 935 3962 osse
959 3901 1103 3962 coniecit.
1150 3903 1246 3962 miru-

54 4009 128 4070 bilie
153 4023 237 4087 quae
259 4002 301 4066 de
322 4003 372 4064 his
394 4000 542 4065 versibus
564 4002 649 4064 dicte
671 4012 746 4064 sunt
768 4004 924 4083 attingere
940 4004 1021 4082 nolo,
1046 4002 1125 4066 illud
1141 4011 1245 4066 eutem

55 4107 252 4192 persuadere
275 4105 406 4168 lortesse
429 4115 550 4186 potero,
575 4123 637 4166 non
661 4105 754 4186 plane
777 4107 1026 4167 commenticiam
1051 4123 1120 4168 esse
1143 4108 1246 4187 expli-

55 4215 211 4276 cationem
233 4227 328 4290 quem
351 4207 480 4270 Tzetzes
502 4210 534 4269 in
559 4207 675 4268 scholio
697 4206 881 4287 adscripsit,
907 4202 1000 4290 θυμὸς
1022 4202 1056 4270 τὸ
1078 4199 1168 4294 ἄρρεν
1191 4207 1246 4271 οἰ-

58 4317 148 4380 δοῖον.
196 4313 319 4375 soilicct
340 4311 443 4373 Rufini
468 4311 525 4372 hoc
547 4319 594 4373 est
617 4310 809 4390 epigramma
833 4308 929 4372 Anth.
949 4311 1010 4371 Pul.
1029 4314 1114 4390 rt'i,

212 4425 364 4501 Πολλάκις
385 4423 546 4515 ἠρασάμην
570 4453 603 4492 σε
626 4423 726 4513 λαβών
750 4427 781 4492 ἑν
804 4427 895 4502 νυκτί,
922 4423 1047 4508 Θοίλεια,

263 4533 422 4618 πληρῶσαι
443 4531 559 4617 θαλερῇ
582 4526 677 4615 θυμὸν
701 4529 872 4617 ίρωμανίρ·

986 4653 1018 4704 37
1026 4654 1041 4685 “
