3152 5128
452 439 622 498 Τικοτειιιιε
645 437 787 498 Gitanas.
1138 418 1213 490 279

51 635 161 705 praeter
185 625 246 687 alia
274 624 375 688 edidit
403 645 465 688 noa
496 628 581 690 nulia
609 626 728 707 quibus
757 627 944 706 inseriptum
973 635 1023 688 est
1049 620 1210 707 Τιμοθέου.

50 730 143 810 patavi
170 747 205 790 ea
235 729 380 792 addenda
409 749 479 792 esse
508 749 550 792 ne
572 731 735 812 dispersae
759 739 866 792 essent
888 729 984 792 unius
1006 727 1214 809 eiusdemque

47 832 140 913 operis
161 832 341 912 particulae.

101 1114 164 1178 κερ.
190 1089 229 1157 δ’.
276 1091 345 1181 περί
374 1089 488 1176 ὑαίνης.
540 1083 586 1156 ότι
614 1086 748 1156 ἐνιαυτὸν
778 1087 849 1178 παρ’
887 1086 1021 1156 ἐνιαυτὸν
1051 1088 1166 1175 γίνεται
1177 1110 1206 1152 ιν

44 1188 124 1282 άρρην
145 1195 196 1262 καί
217 1195 305 1262 πάλιν
328 1193 450 1284 δηλεια.

99 1293 141 1364 ότι
161 1299 250 1388 τρίχα
271 1300 337 1389 ἔχει
358 1295 458 1374 όξεῖαν
479 1297 531 1365 καὶ
553 1293 678 1383 πυκνήν.

97 1398 140 1469 ότι
160 1401 210 1470 τὸν
227 1399 377 1494 τράχηλον
395 1401 430 1471 οῦ
448 1399 588 1490 κάμπτει,
613 1399 723 1488 ἐπειδὴ
734 1402 765 1466 ἓν
781 1398 884 1468 ὀστοῦν
900 1399 966 1490 ἔχει
982 1397 1046 1467 ἀντί
1062 1424 1159 1487 σφον-

46 1501 134 1572 δόλον.
1178 1517 1193 1566 5

96 1603 138 1674 ότι
160 1612 328 1696 συγγίνεται
349 1606 432 1699 λόκιρ
454 1608 506 1675 καί
528 1610 619 1676 τίκτει
640 1605 690 1676 τὸν
711 1604 896 1694 καλοόμενον
921 1598 1103 1694 μονόίλυκον,
1125 1599 1160 1680 ῦς
1224 1619 1238 1664 ⁶

45 1709 88 1777 οῦκ
114 1710 291 1800 ἀγελάζεται
318 1711 397 1780 ἀλλὰ
421 1710 509 1800 μόνος
533 1709 649 1800 διάγει,
681 1706 776 1801 ἅρπαξ
798 1708 964 1799 όινδροόπιον
987 1708 1038 1776 καὶ
1060 1713 1160 1798 δρεμ-

46 1812 143 1898 μάτων.

96 1915 138 1986 ’ότι
159 1917 218 1986 ἀπὸ
239 1925 299 1988 τῶν
320 1917 424 2008 τάφων
446 1921 567 1986 κλέπτει
587 1916 625 1986 τὰ
647 1915 798 2006 σεσηπότα
820 1914 957 2004 σώματα.

95 2017 139 2088 ῦτι
159 2026 191 2089 ἐν
213 2021 294 2090 νυκτὶ
316 2025 420 2110 βλέπει
442 2020 483 2098 ὡς
505 2026 537 2089 έν
559 2019 670 2110 ἡμέρα.
1183 2033 1213 2082 1⁰

94 2121 138 2192 ότι
158 2130 277 2214 ἐμοῦσα
298 2129 496 2215 προτρέπεται
516 2126 583 2202 τοῦς
606 2123 697 2201 κόνας
718 2129 895 2216 προσελθεῖν
918 2125 970 2192 καὶ
985 2119 1064 2194 οῦτοι
1080 2128 1160 2213 θηρᾷ

64 2226 70 2248 ,
113 2226 121 2246 ι

47 2254 147 2304 ιιπσυς.

95 2329 139 2400 ότι
161 2333 231 2410 τοῦς
252 2334 344 2409 κόνας
367 2330 525 2401 κολακεόει
547 2331 599 2400 καί
620 2336 766 2407 πιέζουσα
788 2338 831 2422 τῷ
854 2329 978 2420 στόματι
998 2334 1107 2419 πνίγει.

95 2433 138 2503 ότι
159 2442 192 2504 ἐν
217 2434 327 2526 σελήνη
358 2439 506 2527 ἐρχομένη
527 2435 580 2504 ἐάν
603 2435 689 2513 κυνὸς
711 2431 795 2511 ’όντος
817 2436 866 2503 ἐπὶ
889 2439 1010 2523 στέγους
1031 2433 1161 2524 λάβηται

46 2536 164 2607 κάτωθεν
187 2548 239 2629 τῆς
262 2540 355 2609 αὐτοῦ
378 2547 474 2622 σκιᾶς,
501 2539 590 2610 αὐτὸν
612 2543 778 2630 καταφέρει
800 2534 917 2607 άνοιδεν
939 2537 990 2606 τόν
1012 2537 1098 2608 κόνα.
1183 2552 1215 2606 15

95 2639 138 2712 ότι
159 2644 213 2712 ἐὰν
236 2640 309 2736 εῦρη
333 2645 399 2714 τινὰ
421 2645 623 2726 καθεύδοντα,
649 2641 774 2712 σκάπτει
795 2642 851 2711 ὑπὸ
874 2642 927 2732 την
951 2641 1086 2732 κεφαλὴν
1109 2642 1160 2708 καί

47 2751 86 2812 τοῦ
105 2753 214 2835 λαιμοῦ
236 2752 390 2838 λαβομένη
412 2747 445 2816 τὸ
468 2743 545 2838 αἷμα
566 2751 653 2816 πίνει.

97 2845 140 2918 ότι
160 2849 180 2940 ἡ
204 2852 283 2942 χολη
304 2861 357 2942 τῆς
380 2850 485 2940 ῦαίνης
508 2850 621 2942 ὠφελεῖ
642 2855 685 2928 εἰς
707 2850 891 2940 όξυδορκίαν.

97 2951 138 3023 ότι
159 2959 301 3048 φοβεῖται
322 2964 373 3024 τοῦ
398 2953 544 3044 στρόχνοο
566 2954 598 3022 τὸ
622 2953 727 3045 φυτόν,
751 2952 790 3030 ὡς
812 2952 902 3030 λόκος
923 2952 977 3042 τὴν
1000 2955 1134 3021 σκίλλαν.

98 3055 140 3126 ότι
160 3059 214 3128 ἐόν
236 3087 280 3135 τις
302 3061 362 3149 ἔχη
385 3057 527 3147 ὑπόδημα
550 3058 607 3127 ἀπὸ
631 3062 775 3148 δέρματος
798 3057 903 3146 ῦαίνης
926 3057 976 3124 καί
997 3059 1135 3145 παρέλδη
1182 3069 1214 3118 2⁰

46 3159 87 3226 διὰ
105 3170 210 3246 κυνιῦν,
235 3162 270 3232 οῦ
293 3167 442 3254 φοβεῖται.

48 3345 234 3361 Ἢ

119 3445 140 3492 t.
159 3441 255 3513 κόμπει
274 3445 294 3494 λ
316 3445 342 3506 (i.
362 3457 386 3494 e.
409 3443 477 3494 iiber
494 3443 685 3508 Augustanus).
768 3445 795 3497 t,
814 3437 937 3492 δνόλοκον
957 3442 986 3490 Λ.
1071 3443 1112 3490 u.
1133 3441 1210 3491 Arist.

50 3522 101 3576 Hist.
115 3543 154 3578 an.
172 3530 223 3580 tht
236 3535 251 3580 5
265 3543 292 3595 p.
306 3527 370 3580 59⁴¹>
383 3535 407 3580 t.
481 3534 521 3580 ta.
543 3527 663 3590 πιέζουσα
676 3529 845 3580 Hercherus:
866 3525 990 3587 παίζουσα
1003 3529 1031 3580 Α.
1104 3530 1145 3576 ta.
1166 3523 1213 3576 αὺ-

47 3613 119 3663 ut!
143 3617 169 3678 (i.
189 3630 214 3666 ο.
233 3615 385 3675 Mattheus-ii:
413 3613 506 3668 ἑαυτοῦ
523 3617 551 3666 λ.
580 3616 664 3680 Geop.
684 3615 731 3666 XV
747 3619 755 3664 t
774 3619 805 3664 ta
830 3610 904 3668 ῦσινσ
921 3610 1079 3684 φυσικῷτινὶ
1096 3609 1215 3683 λόγψεῄ

48 3692 87 3748 dxi
102 3697 205 3771 σελήνης
221 3701 356 3773 νυκτερινῇ
375 3700 434 3771 σκιᾷ
451 3705 497 3752 τοῦ
513 3699 590 3758 κννδς
608 3698 716 3770 ἐπιβᾶσα
729 3699 814 3770 ὥσπερ
826 3698 869 3752 διὰ
880 3697 983 3771 σχοίνου
997 3696 1047 3752 ἀπὸ
1060 3695 1139 3768 ὕψους
1151 3713 1215 3748 κοτ-

49 3778 91 3849 άγει
111 3784 199 3856 ἑαυτήν
220 3789 281 3850 (scr.
302 3786 398 3850 αὐτόν).
436 3788 579 3852 adscripsit
604 3787 640 3836 ibi
658 3787 749 3838 Nicias
771 3800 841 3852 quae
860 3786 953 3835 Damir
969 3783 1053 3836 Arabs
1071 3783 1142 3850 apud
1163 3785 1214 3834 iio-

49 3866 152 3921 chartum
171 3873 276 3924 Hieroz.
294 3875 303 3922 l
318 3879 331 3924 a
348 3879 374 3924 tt
398 3873 488 3936 habet,
508 3887 568 3924 cum
585 3877 620 3924 ad
637 3875 727 3924 tunam
744 3875 828 3924 calcat
844 3873 964 3922 umbram
982 3873 1053 3922 cauis
1071 3874 1115 3934 qui
1132 3884 1215 3934 supra

50 3957 126 4006 teum
142 3965 187 4020 est,
207 3961 283 4010 canis
300 3963 336 4010 ait
352 3973 410 4012 σοον
428 3962 519 4011 decidit
537 3965 562 4010 at
579 3973 611 4010 σα
628 3961 701 4010 ittam
713 3962 827 4011 ἀρεστοί.
901 3961 942 4008 te.
962 3956 1031 4015 τινὰς
1042 3952 1214 4014 καθεύδοντας

49 4037 121 4093 πέττει
137 4046 169 4096 λε
196 4047 315 4098 corrasit
334 4045 496 4097 aaronem.
533 4045 604 4098 eunt.
625 4045 680 4097 λεί,
701 4046 735 4096 de
753 4059 796 4096 an.
816 4045 849 4094 vi
865 4047 904 4093 tt.
996 4047 1037 4093 te.
1057 4043 1174 4093 &tenus
1193 4047 1212 4092 t.

50 4123 94 4176 Xttt
110 4144 133 4194 p.
147 4135 195 4182 aet
214 4133 242 4182 et
260 4135 310 4182 at!
329 4133 376 4184 ch.
394 4133 494 4183 Plinius
507 4133 593 4182 XXIX
606 4135 665 4182 tit.
739 4135 780 4181 ιν.
800 4130 939 4182 ΑσσιοΙὶιιε
953 4129 1105 4195 (Apuieium
1125 4129 1214 4194 potius

50 4209 171 4270 diceneum
194 4231 256 4270 εσσε
278 4221 341 4270 anta
359 4219 509 4284 ttoaperam
535 4220 562 4268 iu
586 4216 749 4282 tetarquardti
773 4217 834 4268 Ant.
854 4217 929 4266 Rom.
950 4219 968 4266 t.
989 4217 1021 4266 iv
1039 4229 1065 4280 p.
1082 4219 1130 4264 itt
1155 4215 1213 4280 ipse

50 4301 144 4356 coniecit
160 4305 334 4356 {teadtarfius
350 4320 376 4371 ρ.
393 4310 451 4356 tot.
489 4303 538 4356 sed
563 4306 587 4354 in
608 4300 770 4357 Νεπουσλίου
796 4303 859 4353 latet
883 4303 993 4353 tortasse
1013 4297 1211 4354 Νεπτουνισνοϋ.

51 4381 138 4448 Physica
155 4391 315 4458 Neptunias!
334 4395 518 4444 conmemorat
532 4391 615 4441 talias
628 4389 767 4440 Africanus
785 4391 910 4440 incestis
928 4403 953 4455 p.
970 4385 1055 4450 autb),
1074 4387 1214 4438 Anatolius

51 4469 114 4531 ίέίῑῦῐ
133 4481 176 4544 qai
200 4479 300 4529 dieitur
323 4480 349 4528 in
370 4478 482 4529 Fabricii
501 4477 567 4527 Bibi.
589 4477 634 4526 Gr.
655 4479 672 4525 t.
695 4477 726 4525 tv
744 4489 770 4540 p.
786 4480 837 4524 tao
861 4473 982 4546 στρύχνου
1007 4471 1117 4544 βοτάνην
1139 4469 1214 4526 tuis

52 4553 88 4606 ‘³³³²
102 4559 172 4632 αἴρει.
209 4565 380 4617 Democritus
398 4564 435 4616 ib.
456 4578 482 4629 p.
497 4567 547 4614 συί
566 4559 687 4634 στρύχνου
706 4559 816 4630 βοτάνην
833 4557 906 4613 ῦσινα
924 4560 973 4633 οὐχ
990 4559 1135 4633 ῦπερβατεῖ.
