3252 5130
619 413 836 476 Contrarium.
1246 398 1320 472 629

129 599 219 662 ribus
242 604 347 664 amicis
370 602 527 664 consilium
551 603 644 666 datur
666 621 723 684 quo
742 603 933 684 potissimum
956 610 1046 684 pecto
1069 601 1158 685 dipnc
1180 619 1321 664 remune-

128 721 234 766 rares.
282 703 364 766 liber
386 704 586 768 Florentinus
604 706 699 787 sacto.

220 805 328 886 Capite
344 807 385 870 25
408 806 617 870 scribendum
646 829 715 872 esse
738 809 868 872 videtur
901 815 1006 890 ‘atquc
1027 807 1146 869 utinam
1169 809 1233 887 ipse
1254 809 1320 869 asi-

128 909 204 969 nus’
230 910 328 990 inquit
352 911 456 992 ‘quem
470 929 637 993 numquam
649 912 782 994 profecto
798 911 913 974 vidisse
930 905 1089 996 (vellem),
1107 911 1322 992 vocemquam

125 1009 297 1074 humanam
327 1012 404 1075 dare
430 1017 792 1096 meaequeteotimonium
815 1015 1001 1078 innocentiae
1019 1012 1180 1094 perbibere
1198 1021 1318 1094 posset:

125 1113 264 1194 prosecta
287 1133 339 1177 uos
362 1114 454 1178 brtius
477 1117 612 1180 iniuriae
630 1120 757 1201 piperet.
806 1116 955 1186 traditum
979 1125 1027 1180 est
1048 1116 1202 1178 vidissem.

218 1217 356 1280 Libram
379 1238 448 1299 cap.
468 1221 485 1280 9
509 1222 674 1301 scripsisse
687 1219 857 1302 Apuleium
880 1219 999 1282 conicio
1015 1236 1145 1301 mopnus
1157 1225 1320 1299 praeterea

124 1338 227 1382 sescus
250 1323 411 1404 utriusque
432 1341 578 1388 numerus
600 1323 735 1386 lucernis
757 1323 854 1386 taedis
876 1324 971 1386 cereis
986 1329 1015 1384 et
1029 1321 1090 1384 olio
1104 1339 1212 1404 ponere
1230 1320 1320 1384 tacit-

127 1424 171 1484 cii
195 1424 325 1486 luminis
347 1423 484 1486 siderum
505 1426 679 1488 coelestium
701 1427 827 1507 stirpem
845 1425 1056 1508 propitiantes.
1101 1425 1320 1504 scriptumest

129 1528 164 1586 in
187 1525 269 1588 libro
291 1527 471 1592 Florentino
491 1529 578 1609 faciti
600 1529 722 1608 lumine,
748 1531 782 1592 in
806 1529 948 1610 margine
963 1538 1069 1590 autem
1084 1525 1228 1590 additum
1241 1525 1320 1608 facti

125 1630 277 1691 luminis:
301 1648 364 1709 quo
387 1649 449 1694 non
473 1631 614 1711 prerieota
637 1633 713 1697 mibi
735 1631 863 1696 videtur
885 1651 956 1694 esse
978 1630 1168 1694 emendatio.

218 1733 357 1794 CLXVII.
406 1733 600 1814 Capitolinus
630 1735 661 1794 in
690 1732 850 1800 Antonino
880 1736 930 1796 Pio
953 1754 1022 1814 cap.
1044 1735 1081 1794 l3
1108 1733 1171 1814 fuit
1198 1739 1319 1796 sutoro

124 1836 248 1898 elevato
271 1836 409 1898 decmus.
456 1836 510 1898 scd
536 1855 604 1898 cum
626 1845 703 1900 esset
725 1839 830 1920 leupus
853 1845 881 1898 et
902 1855 998 1900 senem
1021 1823 1317 1916 incurvareturque,¹
1374 1883 1388 1906 .

127 1939 256 2001 tiliaciis
286 1938 397 2001 tabulis
425 1941 457 2000 in
481 1947 601 2020 pectore
627 1942 734 2021 positis
759 1939 956 2022 fasciabatur
977 1949 1011 2002 ut
1032 1947 1131 2002 rectus
1155 1938 1314 2000 incederet.
1328 1950 1378 1997 ets

127 2043 164 2102 in
188 2041 269 2103 libro
284 2040 510 2122 Bambergensi
533 2044 686 2123 scriptum
710 2053 759 2104 est
781 2045 1035 2125 insumanturque.
1082 2041 1168 2104 unde
1186 2040 1247 2102 luit
1263 2042 1319 2121 qni

127 2142 234 2205 iacere
251 2145 347 2205 vellet
362 2145 612 2228 irtcurvotusque,
631 2146 717 2226 quod
732 2149 876 2227 ineptum
892 2156 952 2209 est.
992 2144 1197 2208 scribendum
1213 2145 1319 2224 potius'

125 2247 184 2310 sed
205 2266 274 2309 cum
297 2255 374 2308 esset
396 2247 503 2328 tenpus
525 2255 554 2308 et
575 2263 672 2310 senem
687 2250 920 2328 incurvaretur,
947 2249 1069 2312 tiliaciis
1085 2258 1145 2309 etc.
1183 2245 1318 2310 eandem

127 2351 280 2412 orationis
309 2349 440 2410 sormam
470 2349 589 2413 habent
618 2370 698 2431 quae
726 2363 894 2430 secuntur,
926 2370 1024 2413 senem
1046 2353 1135 2412 etiam
1157 2359 1319 2430 autumem

124 2452 314 2514 salutatores
342 2454 481 2514 uenirent
504 2471 616 2533 panem
637 2456 751 2518 siccum
773 2455 898 2516 consedit
920 2454 960 2514 ad
983 2441 1207 2516 sustentandas¹
1222 2454 1316 2514 uires.

218 2555 325 2634 Pergit
341 2555 536 2636 Capitolinus
561 2556 612 2635 ita,
636 2555 698 2638 fnit
720 2575 790 2618 uoco
812 2575 911 2618 rauco
933 2563 961 2617 ct
982 2574 1094 2618 smera
1117 2575 1185 2618 oum
1208 2557 1319 2616 iucun-

127 2659 233 2720 ditate.
282 2676 343 2719 non
373 2667 477 2738 potest
505 2656 616 2719 eadem
640 2677 697 2720 vox
720 2670 751 2721 et
774 2677 866 2726 rauca
889 2677 959 2720 esse
982 2669 1013 2720 et
1035 2677 1165 2736 sonora,
1199 2655 1316 2720 nedum

126 2781 202 2823 curn
224 2759 422 2823 iucunditate
444 2779 567 2822 sonoro.
616 2778 715 2840 quare
738 2781 837 2823 raiaco
859 2761 1049 2823 mutaverim
1074 2761 1106 2822 in
1129 2767 1231 2822 acuto.

217 2863 370 2924 CLXVlll.
404 2865 489 2936 Quae
514 2864 646 2924 Hermae
670 2871 692 2926 t.
711 2883 729 2922 r
751 2884 783 2944 p.
802 2865 863 2924 bil
894 2861 1016 2946 [supra
1034 2883 1069 2946 p.
1088 2861 1173 2946 557]
1202 2862 1241 2924 de
1272 2863 1318 2925 eis

127 2967 243 3047 scripsi
267 2984 350 3046 quae
374 2967 406 3028 in
424 2967 600 3030 Mamertini
616 2966 818 3028 Genethliaoo
834 2967 1012 3028 Maximiani
1036 2985 1104 3046 cap.
1124 2965 1143 3024 7
1167 2967 1317 3046 leguntur

127 3087 191 3130 non
216 3067 369 3131 videntur
391 3089 460 3132 esse
484 3068 682 3150 corrigenda,
708 3067 765 3130 sed
783 3067 883 3131 habeo
899 3066 984 3148 quod
999 3067 1125 3132 addam.
1165 3069 1316 3148 scriptum

129 3181 180 3233 est
201 3179 237 3233 ut
258 3173 320 3232 iam
343 3173 421 3234 illud
440 3171 522 3254 falso
545 3172 658 3233 dictum
674 3173 722 3250 sit,
749 3191 809 3232 non
824 3171 970 3236 delectari
983 3173 1120 3234 societate
1135 3189 1241 3232 rerum
1256 3172 1320 3232 nisi

124 3293 222 3356 pares
245 3293 360 3336 annos:
385 3274 443 3338 sed
466 3293 529 3336 non
553 3275 680 3338 ridetur
703 3274 841 3338 dubitari
863 3293 955 3355 posse
979 3276 1056 3355 quin
1076 3276 1167 3336 annis
1183 3276 1317 3336 Mamer-

127 3380 196 3439 tino
227 3375 428 3440 reddendum
459 3378 510 3439 sit.
559 3397 621 3458 quo
650 3379 725 3440 satis
748 3377 898 3439 adcurate
922 3378 1080 3458 expressit
1102 3377 1211 3438 tritum
1236 3375 1316 3438 illud

128 3472 197 3564 ἧλιξ
226 3472 319 3564 ἥλικα
345 3479 457 3564 τέρπει.
504 3489 534 3542 et
558 3491 710 3544 secuntur
735 3481 829 3559 hoec,
863 3481 1063 3563 intellepimus
1086 3480 1181 3552 enim,
1207 3497 1317 3540 socro-

125 3585 240 3646 tissimi
258 3585 432 3664 principes,
457 3585 609 3666 peninum
631 3582 725 3658 uobis,
751 3601 934 3664 puramquam
956 3583 1095 3665 dispares
1117 3582 1185 3642 sitis
1207 3583 1317 3644 aetati-

125 3687 196 3764 bus,
224 3687 321 3747 inesse
342 3703 531 3747 consensum.

220 3789 386 3870 Capitolii
410 3790 614 3850 Mamertinus
637 3789 714 3850 baec
737 3788 824 3866 dicit,
850 3789 928 3852 illud
949 3806 1032 3864 vero,
1057 3805 1117 3848 non
1132 3794 1318 3870 supparetur

128 3894 215 3969 licet,
241 3893 464 3972 quoquomodo
487 3892 586 3954 dicam
609 3899 769 3974 antequam
792 3891 948 3968 desinam,
973 3897 1089 3952 tantam
1111 3908 1176 3952 esse
1199 3891 1320 3970 imperii

125 3996 226 4056 vestri
243 3995 416 4076 felicitatem
440 4002 473 4056 nt
494 3995 627 4076 undique
649 4013 680 4056 sc
702 3993 855 4057 barbarae
876 3995 1014 4054 notiones
1033 3994 1168 4055 vicissim
1184 3993 1317 4054 lacerent

126 4107 159 4160 et
180 4098 336 4174 emcidant,
362 4098 490 4160 alternis
512 4097 755 4159 dimicationibus
778 4105 806 4158 ct
821 4096 942 4157 insidiis
958 4095 1059 4157 clades
1075 4114 1150 4157 suos
1166 4095 1318 4176 duplicent

125 4209 157 4262 et
179 4201 359 4278 instaurent,
388 4201 577 4262 Sarmaticas
600 4207 719 4262 uestras
742 4207 769 4260 et
783 4199 923 4260 Raeticae
941 4206 969 4260 et
987 4196 1242 4259 Transrhenanas
1258 4216 1317 4260 cm-

122 4303 293 4386 peditiones
313 4303 422 4384 furore
441 4305 577 4384 percitae
600 4304 631 4362 in
654 4309 745 4364 santet
767 4303 934 4362 imitentur.
982 4319 1064 4381 quae
1081 4299 1198 4363 deinde
1215 4299 1316 4363 fusius

129 4415 269 4469 enarrat.
316 4416 383 4467 tum
407 4405 484 4466 haee
506 4415 658 4467 secuntur
680 4424 749 4486 cap.
770 4405 825 4480 l8,
852 4405 915 4465 ium
938 4405 974 4466 de
995 4403 1202 4486 perduellibus
1225 4405 1317 4465 ultio-

123 4528 194 4572 nem
216 4527 277 4570 non
300 4509 414 4584 armis,
439 4527 500 4568 nou
522 4511 660 4572 exercitu
682 4509 791 4589 capitis
813 4508 893 4568 siout
914 4507 1067 4590 bucusque
1086 4507 1214 4588 fecistis,
1239 4508 1313 4584 iam,
