3252 5130
339 403 413 476 636
737 419 781 479 Ειι
803 435 899 480 usur
925 419 1132 480 Briourrrrssr.

301 583 305 592 ⁸
338 607 443 668 relicto
465 609 605 670 arania
627 607 669 668 od
683 606 770 669 urbis
782 605 974 688 praesidium
997 615 1066 670 erut
1086 608 1181 670 veluti
1202 607 1288 691 ἰοιιρο
1311 609 1374 671 situ
1397 607 1515 670 inductis

337 711 462 772 aroneis
484 711 594 772 vestiri
619 711 698 771 visa.
732 709 849 790 legitur
871 712 986 772 venire.

423 828 525 890 CXCI.
565 828 697 910 Eologao
721 830 883 909 Calpurnii
906 831 1028 910 primae
1051 829 1226 892 versasti
1244 841 1276 892 et
1293 831 1334 890 88
1351 829 1519 890 Gronovius

336 929 601 994 Observationum
631 951 665 992 ur
691 933 729 992 48
758 934 872 1013 partim
903 934 1032 1012 egregie
1061 933 1215 1012 correxit,
1255 933 1373 1013 partim
1408 933 1517 992 erravit

336 1054 408 1096 eum
433 1034 595 1096 elisionem
611 1036 728 1097 vocalis
750 1055 767 1097 a
784 1035 948 1118 Calpurnii
963 1046 1031 1097 arte
1047 1036 1181 1098 alienam
1200 1034 1340 1097 admisit.
1381 1035 1518 1097 seriben-

336 1136 411 1198 dum
435 1147 485 1199 est

490 1275 602 1336 scilieet
624 1276 687 1356 ipse
709 1275 784 1338 deus
806 1278 959 1340 Romanoa
979 1275 1118 1356 pondero
1144 1277 1231 1338 molis

487 1376 621 1459 fortibus
644 1380 776 1458 eoeoipiet
797 1379 841 1440 sio
864 1381 1044 1442 inconeussa
1067 1379 1188 1442 lacertis

488 1489 523 1543 ut
544 1499 638 1562 oeque
661 1481 808 1543 translati
828 1483 928 1544 sonitu
947 1482 1059 1565 fropor
1082 1483 1194 1543 intonet
1216 1481 1299 1544 orbis

489 1602 543 1644 uec
561 1586 653 1664 prius
676 1585 793 1645 enteriti
814 1583 969 1665 defunctos
992 1587 1086 1646 liontu
1104 1587 1244 1665 pore-ulis

488 1687 600 1748 sentiat
620 1705 745 1749 occasus
768 1688 831 1748 ιιιῗιί
851 1707 918 1748 oum
942 1689 1124 1769 suspexerit
1146 1694 1243 1748 ortus.

334 1825 367 1884 in
391 1823 482 1885 libris
511 1825 684 1905 respeoeerit
712 1825 866 1906 seriptum
898 1835 956 1888 ast.
1003 1825 1067 1888 uisi
1094 1834 1164 1906 post
1185 1843 1240 1887 nec
1258 1826 1352 1906 prius
1376 1826 1517 1888 similiter

334 1925 452 1988 dietum
477 1936 642 2008 astatque
666 1926 776 1989 Graeci
799 1946 862 1989 non
885 1945 1060 2008 numquam
1082 1925 1109 1989 sl
1133 1921 1174 2010 μή
1198 1928 1249 1990 vel
1272 1919 1309 2010 ἢν
1334 1922 1376 2010 μή
1400 1922 1516 2010 posted

331 2021 474 2112 πρότερον
497 2039 684 2110 posuerunt,
709 2031 800 2092 ouius
822 2030 988 2092 looutionis
1010 2029 1155 2112 exempla
1184 2029 1320 2111 praebet
1342 2032 1516 2093 Thesaurus
1609 2067 1610 2112 t

332 2132 483 2212 Stephani
504 2142 527 2193 t.
553 2152 582 2193 vr
598 2153 630 2214 p.
649 2134 745 2194 2063.
791 2132 873 2195 addo
896 2127 931 2196 οό
953 2127 1084 2218 πρόσθεν
1116 2167 1154 2178 -
1179 2133 1206 2196 εἰ
1230 2128 1271 2217 μή
1295 2133 1414 2196 dixisse
1437 2135 1515 2195 Tbe-

332 2235 472 2296 mistium
494 2254 527 2315 p.
547 2235 585 2296 73
609 2235 704 2297 Dind.
729 2237 837 2298 Latine
866 2237 921 2318 qui
952 2239 994 2298 ita
1022 2237 1146 2299 loeutus
1177 2237 1216 2298 sit
1244 2256 1344 2300 unum
1373 2236 1513 2299 adnotari

331 2339 501 2401 luvenoum
524 2339 646 2418 111336,
673 2359 727 2401 aec
745 2341 836 2420 prius
858 2357 874 2399 e
892 2357 991 2420 prono
1013 2340 1117 2402 vulttts
1139 2339 1299 2402 sustollere
1321 2359 1396 2402 cusu
1416 2337 1514 2401 Aude-

330 2441 413 2521 bout,
439 2451 542 2504 sancto
560 2443 674 2503 Chrr'sti
695 2444 756 2504 uisi
776 2442 907 2502 deutero
930 2449 1011 2504 tuctu
1026 2443 1204 2506 Demulceus
1227 2441 1349 2505 blandis
1367 2445 1512 2523 firmasset

327 2553 452 2627 pectora
475 2545 587 2608 *uerbis
634 2543 853 2626 praebuerunt
875 2545 938 2606 athi
958 2543 1085 2607 Arevali
1109 2544 1201 2624 libri,
1233 2565 1324 2628 ριιιιαι
1346 2545 1444 2608 Aldus
1466 2547 1512 2606 in-

330 2650 440 2712 tulisse
463 2648 602 2710 videtur.
637 2667 741 2727 neque
756 2665 832 2708 vero
856 2647 988 2709 multum
1005 2646 1220 2710 laborabimus
1242 2649 1275 2710 in
1291 2647 1512 2729 conquirendis

331 2753 486 2834 exemplis
507 2751 658 2813 orationis
681 2769 763 2830 quae
786 2749 933 2812 laoillime
955 2759 1060 2831 potest
1080 2751 1244 2830 explicari.

416 2872 531 2934 GXGll.
578 2871 752 2951 Xenophon
786 2869 826 2931 de
861 2868 1069 2950 vectigalibus
1096 2870 1115 2929 b
1148 2871 1167 2930 2
1202 2868 1229 2932 el
1263 2869 1296 2932 δέ
1329 2893 1406 2942 τινες
1437 2862 1510 2933 οὕτω
1609 2849 1610 2910 l

328 2969 541 3058 γιγνώσκουσιν
566 2968 606 3044 ὡς
629 2968 681 3036 ἐὰν
704 2967 723 3056 ἡ
746 2966 832 3043 πόλις
854 2965 975 3056 εἰρήνην
1004 2962 1122 3055 ἄγουσα
1149 2973 1271 3056 διατελῇ
1302 2966 1509 3056 ἅδονατωτέρο
1609 2985 1610 3000 ’

267 3099 358 3146 stare
380 3074 431 3141 καὶ
454 3071 614 3160 ἀδοξοτέρα
635 3071 687 3138 κοιλ
710 3068 796 3159 ἧττον
818 3070 969 3158 όνομαστή
992 3072 1024 3138 ἐν
1046 3065 1238 3160 ι’ῃἙλλόὸιΙ
1261 3073 1347 3139 ἔσται
1369 3073 1420 3138 καὶ
1434 3067 1509 3138 οὗτοί

325 3204 360 3264 γε
383 3173 424 3252 ὡς
446 3180 504 3264 ἐμῇ
528 3173 598 3264 δόξῃ
620 3177 806 3263 παραῃῃέρω
829 3181 999 3241 σκοποῦσιν.
1047 3179 1115 3239 iure
1139 3179 1218 3240 haeo
1240 3178 1417 3240 Ludovieus
1438 3179 1508 3239 ltin-

326 3283 445 3346 dorlius
473 3285 613 3364 graviter
640 3282 723 3344 dixit
751 3301 821 3343 esse
850 3291 1008 3361 corrupta.
1056 3299 1092 3342 ao
1120 3281 1260 3362 primum
1289 3281 1423 3363 quidem
1452 3282 1506 3343 iaur

327 3386 543 3448 Schneiderus
567 3396 651 3447 reete
675 3386 802 3465 negavit
824 3385 977 3446 Graecum
1001 3401 1070 3445 esse
1094 3377 1134 3454 ὡς
1157 3383 1217 3468 ἑμῃ
1240 3378 1324 3469 δόξῃ.
1372 3386 1506 3446 ooniece-

326 3501 401 3551 runt
434 3489 567 3550 Castalio
601 3481 642 3558 ὡς
675 3483 743 3570 ἐμοὶ
776 3486 876 3564 δοκεῖ,
919 3487 1056 3548 Zeunius
1089 3479 1130 3557 ὡς
1169 3482 1227 3569 ἐμὴ
1262 3484 1346 3558 δόξα.
1396 3485 1503 3550 deinde

324 3591 509 3677 παραῃῃέμω
532 3593 686 3672 seriptum
709 3590 863 3652 librorum
888 3609 970 3652 unus
998 3587 1110 3668 habet,
1141 3591 1239 3651 ceteri
1262 3585 1329 3675 παρ’
1362 3583 1501 3674 ἆῃῃέλλο.

325 3696 504 3758 Camerario
526 3692 732 3756 scribendum
755 3711 824 3754 esse
840 3691 1010 3754 videbatur
1030 3687 1113 3774 παρὰ
1129 3689 1229 3775 μέλος.
1263 3711 1379 3756 vereor
1394 3713 1435 3756 no
1449 3711 1503 3754 non

324 3799 422 3880 possit
443 3799 506 3860 dici
528 3792 611 3880 παρὰ
633 3795 723 3879 μέλος
745 3793 876 3858 σκοπεῖν.
925 3795 1110 3856 Castalionis
1136 3789 1220 3880 παρὰ
1247 3790 1356 3879 τρόπον
1384 3813 1506 3876 prorsus

323 3901 512 3965 incredibile
548 3911 606 3963 est.
660 3899 837 3960 Leonolavii
870 3893 1050 3984 παραλόγως
1084 3897 1298 3961 Schneiderus
1333 3901 1404 3960 iure
1432 3897 1504 3960 dixit

321 4025 385 4068 non
409 4004 501 4067 valde
523 4002 689 4084 probabile
719 4019 801 4064 esse.
848 3999 974 4063 addidit
995 3999 1176 4062 Dindorfius
1207 4020 1269 4062 non
1294 4001 1413 4064 habore
1435 3999 1502 4062 alibi

322 4109 562 4189 Xenophontem
599 4097 789 4191 παραλόγως.
845 4103 967 4166 aceedit
1000 4102 1085 4184 quod
1124 4102 1178 4164 illa
1215 4113 1316 4166 aetate
1353 4097 1503 4188 παρόλοῃα

321 4231 384 4273 non
409 4209 492 4272 diota
516 4229 585 4272 esse
609 4208 759 4270 videntur
780 4226 876 4269 sanae
907 4207 1020 4268 rationi
1050 4207 1277 4287 repugnantia,
1310 4206 1368 4269 sed
1391 4215 1499 4268 tantum

322 4333 358 4375 ea
381 4331 462 4393 quae
484 4323 614 4394 praetor
635 4313 815 4392 opinionem
839 4309 997 4372 accidunt.
1031 4308 1180 4389 equidem
1196 4327 1299 4389 paene
1321 4329 1384 4372 non
1401 4307 1500 4371 dubito

322 4415 525 4488 scribendum
550 4433 619 4477 esse
641 4409 693 4476 καλ
716 4404 798 4476 οότοί
819 4435 853 4495 γε
874 4407 957 4497 παρά
985 4406 1008 4496 γ’
1036 4407 1104 4496 ἐμοὶ
1125 4407 1413 4497 <παρα>σιιοποῦσιν.
1448 4410 1498 4472 ad·

324 4521 477 4600 scripturn
501 4519 585 4580 enim
610 4537 679 4580 esse
702 4515 831 4577 videtur
861 4508 902 4586 ὡς
936 4513 979 4596 [id
1008 4525 1057 4577 est
1079 4506 1187 4600 ὥσπερ)
1215 4514 1275 4600 ἐμῇ
1304 4509 1374 4599 δόξῃ
1402 4525 1436 4576 ut
1454 4531 1500 4573 er·
1589 4509 1592 4514 ’
