3156 5132
550 460 718 523 Αιιιιιιαιι.
1155 445 1222 518 331

51 653 290 733 Laestrygonum
324 650 396 712 olim
427 649 521 712 sedes
552 651 649 712 luisse
679 649 888 730 putabantur;
927 669 1022 731 quam
1050 651 1232 731 opinionem

50 764 194 818 secuntur
216 753 327 815 Cicero
349 752 390 816 ad
412 752 549 816 Atticum
565 771 587 814 ιι
606 753 658 830 te,
684 753 831 814 Horatius
847 753 950 816 Carm.
969 772 1003 814 ιιι
1021 755 1060 815 tt
1077 755 1129 834 3l,
1155 754 1233 816 Ovi-

49 857 115 920 dius
130 859 202 920 ilet.
219 876 268 918 ιιι
284 857 359 918 2³3.
384 875 420 917 ιι
437 854 512 934 747,
537 856 656 917 Plinius
671 855 746 936 ¹Nat.
773 855 847 918 hist.
868 875 900 918 ιιι
924 855 941 939 ᾗ
957 857 1009 936 59,
1035 857 1133 919 Silius
1148 856 1234 920 ltali-

48 981 99 1022 ous
113 980 152 1022 ιιι
170 960 245 1022 376.
266 961 339 1022 ll0.
379 959 540 1039 antiquior
557 959 788 1021 homericarum
806 957 984 1022 fabularum
1003 961 1231 1041 interpretatio,

48 1065 93 1126 cui
123 1065 184 1125 iam
204 1061 407 1145 Thucydides
435 1061 664 1142 quodammodo
686 1062 919 1144 obtemperavit
935 1083 962 1124 ιι
979 1064 1016 1142 2,
1049 1065 1235 1145 Laestrygo-

49 1186 101 1228 nes
129 1167 163 1228 in
188 1165 295 1228 Sicilia
325 1165 516 1228 conlocabat.
565 1164 662 1227 luisse
690 1175 795 1228 autem
819 1167 873 1245 qui
897 1163 1086 1246 Antiphatae
1111 1177 1233 1247 patrem

49 1269 156 1331 darent
171 1269 321 1332 Sioanum
349 1268 376 1351 (a
400 1289 462 1350 quo
477 1269 671 1330 Trinacriam
694 1268 881 1348 adpellatam
905 1289 973 1331 esse
989 1270 1147 1331 Sicaniam
1163 1271 1235 1331 Ste-

50 1375 169 1452 phanus
184 1373 354 1452 liprandus
377 1371 488 1434 scribit
512 1393 543 1452 p.
563 1371 624 1432 635
645 1372 681 1431 l9
706 1371 811 1454 blein.)
848 1373 971 1434 loannis
986 1373 1112 1434 lialalae
1132 1391 1235 1452 quan-

51 1475 161 1538 tumvis
185 1476 295 1556 inepta
317 1478 455 1538 narratio
471 1475 561 1538 docet
577 1495 609 1556 p.
630 1474 689 1535 tlt
706 1475 779 1553 Orc,
804 1467 825 1558 ἡ
849 1472 882 1538 δὲ
897 1477 987 1558 νήαος
1003 1467 1078 1558 αὕτη
1104 1473 1230 1556 (Sicilia)

52 1567 83 1661 ip
105 1571 222 1662 μεγάλη
245 1573 339 1657 πάνυ,
366 1577 534 1663 διῃρημένη
558 1577 600 1648 εἰς
622 1577 700 1662 τρεῖς
723 1570 872 1662 ἀδελφοὺς
896 1571 1043 1661 μεγάλους
1066 1573 1116 1642 καὶ
1139 1578 1235 1642 δυνα-

52 1677 111 1752 τοὺς
133 1675 245 1746 καὶτὰ
270 1675 410 1765 ἀλλήλοιν
433 1683 635 1766 φρονοῦντας,
663 1679 742 1765 λέγω
765 1676 802 1764 δὴ
826 1680 868 1752 εἰς
891 1673 1047 1746 Κύκλωπα
1068 1675 1119 1744 καὶ
1138 1675 1235 1744 Ἀντι-

52 1780 142 1870 ράτην
165 1781 218 1848 nal
242 1781 439 1870 Πολύφημον,
466 1779 548 1855 υἱοὺς
570 1783 747 1868 γενομένους
769 1785 822 1848 τοῦ
846 1777 986 1863 Σικάνου,
1013 1783 1161 1869 βασιλέως
1183 1787 1235 1856 τις

55 1883 139 1961 αὐτ-ἲς
161 1883 268 1953 viaco.
315 1888 428 1969 quodsi
453 1889 550 1968 igitur
572 1909 635 1950 non
660 1908 789 1968 prorsus
811 1898 932 1952 temere
948 1890 1083 1969 positum
1101 1899 1148 1952 est
1163 1907 1237 1970 qno-

54 2011 102 2072 que
125 1992 204 2056 illud
222 2011 285 2074 quo
302 1993 447 2072 quisquis
463 1994 521 2053 ista
537 1993 664 2072 scripsit
680 1991 765 2054 Fabii
783 1994 1108 2054 commemorationem
1126 1991 1236 2054 verbis

53 2095 218 2158 Alexandri
242 2094 407 2173 adnexuit,
433 2094 534 2157 videri
559 2097 675 2176 poterit
698 2095 812 2157 Fabius
836 2095 959 2158 Volscos
981 2113 998 2156 a
1022 2095 1137 2158 Siculis
1159 2097 1237 2158 Lae-

55 2198 250 2280 strygonihus
280 2199 457 2280 repetiisse.
505 2218 577 2260 nam
607 2199 665 2260 etsi
698 2199 795 2260 multo
822 2199 1039 2278 pervulgatior
1061 2199 1238 2278 antiquitus

57 2312 116 2364 erat
138 2302 219 2365 lama
235 2303 358 2365 Siculos
380 2321 420 2363 ex
442 2302 529 2364 ltalia
553 2303 585 2362 in
601 2302 741 2362 Siciliam
764 2302 938 2382 traiecisse,
964 2301 1116 2364 videntur
1132 2311 1237 2362 minen

58 2404 145 2468 nisse
175 2407 231 2486 qni
262 2405 349 2466 illino
379 2407 484 2486 potius
507 2425 560 2467 eos
583 2406 616 2466 in
640 2405 759 2466 ltaliam
783 2406 1025 2486 transmigrasse
1049 2415 1233 2466 narrarent:

57 2519 134 2572 certe
150 2509 284 2572 Servius
300 2510 332 2569 in
349 2506 429 2570 Aen.
448 2527 457 2570 t
474 2509 493 2571 2
517 2509 594 2570 haec
611 2507 718 2583 habet,
745 2509 842 2570 italus
858 2511 948 2584 enim,
974 2527 1035 2569 rem
1051 2508 1235 2584 Siculorum,

56 2611 199 2694 profectas
222 2633 243 2672 a
266 2612 374 2674 Sicilie
401 2612 483 2672 uenit
513 2611 554 2672 od
583 2612 648 2673 loco
675 2630 752 2694 quae
781 2619 852 2673 sunt
880 2614 971 2672 inacta
998 2610 1125 2672 Tiberim
1147 2619 1175 2672 et
1196 2629 1239 2672 eoe

59 2717 168 2776 nomine
195 2734 251 2777 suo
280 2714 448 2796 adpellavit
477 2715 609 2776 ltaliam.
656 2713 713 2776 sed
744 2715 892 2794 intellego
922 2734 1016 2795 quarn
1046 2712 1167 2775 lubrica
1197 2713 1239 2774 sit

59 2819 151 2880 omnis
179 2820 318 2899 opinatio
349 2820 381 2879 in
411 2828 474 2878 tam
504 2816 645 2878 breviter
674 2827 801 2897 tamque
831 2817 965 2880 obscure
995 2817 1129 2898 repetita
1151 2815 1238 2878 Fabii

62 2923 241 2984 narratione.
290 2923 396 3000 itaque
418 2920 459 2984 de
481 2920 541 2984 alia
557 2919 712 2983 Fabianae
729 2921 920 2984 narrationis
935 2939 997 2983 non
1014 2921 1236 3001 explicatione,

61 3021 112 3084 scd
143 3023 278 3104 quadam
313 3025 404 3104 quasi
438 3023 551 3086 umbra
580 3025 851 3104 interpretationis
879 3024 958 3086 nihil
988 3022 1147 3086 adicerem
1177 3023 1238 3084 nisi

62 3127 262 3190 llommsenus
290 3147 340 3188 me
368 3125 552 3189 adhortatus
576 3137 659 3190 esset
681 3147 721 3190 ne
744 3127 922 3189 omitterem
945 3145 1028 3206 quae
1050 3125 1090 3188 ad
1113 3145 1239 3190 causam

64 3229 156 3309 aliquo
178 3230 270 3293 modo
292 3230 456 3310 pertinere
475 3228 673 3292 riderentur.
721 3241 751 3292 et
767 3228 939 3311 expedient
955 3230 1084 3292 lortasse
1100 3231 1153 3292 alii
1172 3249 1239 3292 rem

66 3333 94 3390 in
119 3353 176 3414 qua
205 3335 274 3415 ipse
303 3351 405 3414 paene
436 3321 524 3394 ni¹hil
554 3335 710 3394 extricare
740 3334 838 3414 potui.
890 3331 930 3394 tle
954 3333 1099 3412 Camilla,
1131 3333 1239 3396 Volsca
1250 3355 1281 3401 as

67 3435 174 3516 puella,
204 3436 364 3516 Vergilius
385 3435 624 3498 hen.118lls.
651 3437 729 3498 haec
756 3435 851 3514 dicit,
883 3435 941 3498 hen
963 3438 1107 3512 nimiam,
1141 3439 1238 3521 clepo,

68 3538 178 3600 m'maiem
207 3539 331 3602 armlele
354 3539 439 3602 luisti
460 3537 667 3621 Supplicium,
702 3541 828 3602 Teucros
851 3547 959 3602 conato
981 3539 1129 3604 lacessere
1151 3540 1237 3603 hello.

68 3638 245 3723 adscriptum
270 3642 315 3703 ibi
339 3642 397 3703 hoc
419 3643 559 3704 scholion
582 3653 630 3705 est
654 3643 736 3705 inter
752 3643 915 3720 Serviane,
941 3643 1063 3724 quidam
1079 3643 1169 3706 lanius
1185 3644 1243 3706 loci

69 3741 172 3826 lonpom
199 3747 417 3827 eecpoaitionem
446 3745 593 3809 tradant:
628 3747 744 3810 Volscos
774 3767 794 3808 a
823 3745 1004 3808 Volscatihus
1027 3747 1148 3826 Hylinis
1177 3747 1241 3808 ori-

69 3846 152 3922 picem
173 3849 292 3924 ducere,
318 3849 466 3931 Eoeelylas
481 3857 592 3927 numm,
618 3852 784 3931 interanea
801 3845 1066 3924 Aneazonessunl,
1092 3853 1241 3932 cepionem

73 3947 208 4028 illyricam
231 3953 372 4016 incolere.
419 3953 513 4014 luisse
535 3969 604 4036 erpo
627 3954 808 4034 suppliciam
833 3953 991 4014 Camillam
1013 3951 1133 4028 dicant,
1165 3971 1242 4034 qnae

39 4047 45 4060 “
73 4051 217 4116 memsam
251 4057 397 4118 Troianos
426 4073 517 4117 orma
546 4057 664 4132 tulerit,
697 4055 804 4137 quibos
835 4057 963 4118 lreaiores
993 4057 1057 4117 eins
1086 4057 1241 4118 aemiliam

74 4161 312 4238 antetulisse,
339 4158 371 4220 id
393 4166 437 4221 est
461 4157 687 4222 Penthesileam.
735 4161 766 4220 in
791 4160 840 4222 his
864 4158 967 4240 taphni
992 4177 1054 4220 non
1078 4157 1240 4220 difficilem

77 4255 174 4322 hahent
202 4263 455 4345 explicationem.
503 4263 682 4342 Stephanus
705 4263 874 4344 Byzantius
896 4281 928 4342 p.
948 4261 1008 4323 6t7
1033 4262 1111 4324 haec
1133 4261 1239 4339 habet,

77 4377 142 4437 tanae
168 4365 320 4446 adscripsi
351 4365 545 4428 alleinekio
576 4365 758 4444 emendata,
787 4356 920 4442 Ὑλλοῖς,
952 4361 1040 4434 ἔθνος
1065 4357 1238 4448 Ἰλλυρικόν,

78 4451 124 4525 iet
136 4460 244 4533 Ὕλλου
271 4470 325 4533 τοῦ
346 4461 532 4553 Ἡρακλέους
561 4467 613 4532 καὶ
636 4465 767 4552 Μελίτης
789 4470 842 4552 τῆς
866 4465 995 4553 Αἰγαίου
1021 4471 1073 4531 τοῦ
1094 4469 1240 4551 ποταμοῦ,

79 4558 312 4645 helinstrano<
343 4568 475 4658 τετάρτῳ
493 4567 737 4657 Ἀργοναυτικών.
785 4569 847 4634 ἔστι
877 4567 927 4636 καὶ
956 4565 1041 4643 πόλις
1055 4564 1163 4656 Ὕλλη.
1210 4566 1242 4636 τὸ
