3156 5132
546 377 715 438 hutonem.
1151 362 1225 434 335

53 576 161 646 partem
190 568 331 648 pertinet
359 585 453 648 quam
484 586 548 628 nan
578 566 696 630 habere
726 567 844 646 scripta
874 567 1068 646 exemplaria
1092 567 1227 628 Reiffer-

52 668 169 730 scheidii
198 669 361 749 diligentia
393 679 524 730 constat.
574 670 605 729 in
630 670 749 730 Phocae
771 679 877 732 autem
900 671 964 731 vita
987 670 1118 750 Vergilii
1142 669 1227 750 quod

51 772 176 851 Scaliger
205 782 236 832 et
265 774 411 834 Pithoeus
439 775 638 852 scripserunt
662 775 802 836 Sironem
830 774 862 834 in
892 774 1023 852 antiquo
1052 772 1227 854 exemplari

51 874 236 936 invenerant.
284 877 431 938 Servium
463 877 494 937 in
518 876 647 956 Vergilii
672 878 746 938 Buc.
772 895 801 936 rr
820 876 856 938 t3
883 877 992 938 Sirone
1019 885 1051 938 et
1074 877 1225 952 Sironem,

51 977 76 1034 in
91 975 165 1038 hen.
184 998 212 1038 vr
230 981 291 1040 aaa
316 981 455 1040 Sirenem
478 980 643 1059 scripsisse
666 981 742 1040 satis
757 977 929 1042 ostendunt
944 997 1027 1059 quae
1043 979 1083 1041 dc
1101 979 1229 1060 scriptis

50 1077 129 1139 lihris
150 1093 447 1144 commemorantur.
496 1081 638 1162 denique
655 1083 687 1142 in
705 1082 929 1146 vetustissimis
944 1083 1007 1146 illis
1023 1082 1150 1143 scholiis
1166 1083 1228 1143 Ve-

50 1183 226 1245 muensibus
244 1186 276 1245 in
292 1188 366 1247 Buc.
386 1205 415 1246 rr
432 1188 450 1246 9
467 1173 574 1248 sicana
589 1187 743 1266 scriptum
761 1196 818 1248 εει.
859 1205 958 1265 quare
974 1205 1046 1248 cum
1062 1184 1227 1266 sequenda

49 1301 113 1345 sane
135 1287 173 1346 sit
195 1289 403 1368 antiquorum
426 1288 579 1351 librorum
602 1290 782 1368 auctoritas
808 1290 901 1350 Siron
922 1289 1077 1351 dicendus
1093 1299 1141 1350 εει
1155 1288 1230 1368 phi-

51 1387 194 1468 losophus.
244 1409 350 1472 neque
373 1393 457 1453 enim
474 1394 576 1454 seiron
593 1392 670 1454 illud
689 1391 852 1454 Leidensis
868 1391 942 1453 libri
958 1391 1046 1453 aliud
1061 1402 1110 1453 est
1123 1409 1229 1470 neque

49 1491 136 1550 sciron
164 1503 219 1554 aut
250 1513 341 1554 seron
369 1495 500 1558 aliunde
526 1506 635 1558 natum
659 1515 728 1557 esse
752 1494 881 1556 videtur
903 1513 998 1578 quam
1022 1513 1062 1556 ex
1085 1495 1152 1574 ipsa
1177 1493 1230 1554 illa

50 1592 226 1657 Graecanica
251 1598 388 1659 nominis
413 1597 522 1660 lorma.
570 1609 638 1661 erat
660 1609 766 1662 autem
783 1599 938 1660 Graecum
961 1617 1076 1658 nomen
1101 1595 1227 1682 Σείρων,

50 1697 126 1758 cuius
147 1701 333 1780 exeniplum
357 1712 406 1762 est
428 1703 460 1762 in
484 1703 643 1764 Thesauro
667 1703 831 1783 Stephani.

122 1801 373 1864 Commemoravi
404 1823 500 1886 supra
529 1806 695 1886 antiquum
727 1807 891 1886 exemplar
919 1806 1068 1866 carminis
1098 1804 1227 1864 Phocac.

49 1902 132 1964 codex
155 1915 204 1966 εει
228 1905 440 1970 bibliothecae
457 1909 633 1988 imperialis
649 1910 834 1970 Parisiensis
850 1927 984 1970 numero
1000 1909 1096 1968 8093.
1134 1925 1229 1986 quem

50 2006 172 2068 codicem
197 2011 341 2071 Merilius
373 2012 404 2070 in
429 2012 635 2074 Coniusaneis
657 2013 723 2074 suis
752 2013 916 2094 (Melanpas
939 2011 1181 2094 archialoyiquas
1204 2017 1232 2069 ct

52 2108 200 2174 litteratius
221 2133 286 2194 par
308 2133 357 2174 nn·
373 2099 555 2177 delesland
577 2115 619 2177 du
636 2117 735 2196 Merit)
763 2137 795 2196 p.
817 2117 870 2177 iil
900 2115 1061 2178 fabulatur
1082 2113 1232 2176 carminis

54 2229 98 2272 con
128 2223 254 2277 tantum
285 2217 355 2278 illos
383 2237 463 2298 quos
491 2237 601 2280 omnes
631 2221 777 2281 novimus
806 2239 920 2281 versus
949 2220 1150 2280 hexametros
1171 2234 1231 2276 cru

55 2319 218 2398 continere,
253 2319 312 2381 sed
336 2341 465 2382 cnxsxu.
513 2324 628 2402 nequis
658 2323 776 2384 homini
808 2322 883 2383 lalsa
906 2331 1028 2384 temere
1051 2320 1231 2382 adfirmanti

54 2421 143 2482 credat
174 2432 277 2484 testor
306 2423 368 2484 fide
399 2424 500 2485 Caroli
524 2425 688 2486 Benedicti
719 2427 803 2486 Hasii
836 2425 985 2487 schedam
1015 2426 1132 2486 codicis
1164 2424 1232 2502 ipso

54 2521 93 2582 illa
120 2545 214 2588 versu
242 2525 303 2586 t07
335 2528 420 2588 liniri
456 2525 513 2608 (hic
540 2528 594 2590 ubi
623 2529 785 2611 languores
808 2537 835 2590 et
859 2529 929 2609 sata
955 2529 1088 2588 minacia
1110 2523 1229 2607 sensit),

55 2630 213 2702 pronianum
244 2629 394 2692 schedam
424 2632 498 2692 olim
528 2633 589 2694 alio
621 2633 813 2714 pertinuisse
844 2649 1020 2711 versusque
1049 2632 1103 2710 qui
1135 2631 1166 2690 in
1196 2647 1232 2690 ea

54 2731 146 2810 scripti
169 2743 247 2794 sunt
270 2735 422 2796 al’hocac
446 2746 590 2816 poemate
614 2755 743 2815 prorsus
767 2755 836 2798 asse
857 2737 986 2798 alienos.
1035 2732 1119 2814 quod
1136 2733 1234 2812 igitur

53 2837 153 2896 servati
184 2847 264 2898 sunt
293 2838 339 2897 illi
370 2857 449 2918 quos
479 2838 633 2901 habemus
664 2841 733 2900 eius
758 2858 870 2900 versus
898 2837 1014 2900 iactum
1038 2847 1087 2898 est
1109 2845 1233 2897 servato

54 2953 103 2996 uno
131 2941 181 3001 illo
211 2941 408 3020 exemplari,
440 2961 503 3022 quo
527 2943 721 3022 scaligerum
749 2952 780 3002 et
802 2942 963 3003 Pithoeum
987 2960 1060 3004 usos
1082 2959 1152 3002 esse
1175 2938 1234 3000 ad-

54 3053 141 3117 paret.
187 3064 298 3126 neque
328 3064 440 3126 magna
471 3055 519 3108 est
549 3046 746 3125 reliquorum
776 3048 907 3107 iactura.
955 3064 1028 3106 nam
1060 3052 1146 3106 recte
1169 3051 1234 3110 sta-

53 3145 140 3206 tuitur
155 3148 290 3210 Phocam
314 3150 465 3211 eBonato
490 3159 587 3211 totum
611 3149 766 3230 pendere.
814 3159 862 3210 est
884 3159 989 3212 autem
1006 3148 1062 3209 uhi
1078 3148 1233 3208 Donatum

55 3265 105 3308 nan
127 3261 209 3314 recte
227 3252 437 3313 intellexerit.
477 3272 549 3314 nam
566 3271 637 3314 cum
653 3253 792 3314 Donatus
808 3252 886 3314 haec
901 3251 942 3314 de
957 3252 1096 3332 Vergilio
1111 3259 1232 3326 narret,

53 3357 182 3430 poeticam
203 3375 286 3438 puer
308 3355 407 3418 adhuc
429 3358 606 3436 auspicatus
630 3358 661 3416 in
684 3357 863 3434 Ballistam,
889 3356 1174 3437 ludimagistrum,
1200 3349 1234 3411 oh

56 3457 198 3534 infamiam
223 3461 456 3522 latrocinio-rura
480 3467 650 3540 coopertura
673 3457 826 3539 lapidibus
843 3458 991 3522 distichoa
1010 3459 1092 3539 fecit,
1121 3459 1235 3517 ιειοηιε

55 3559 99 3618 suh
120 3561 171 3624 lioc
194 3563 334 3645 lapidum
356 3566 466 3648 tcyiha·
489 3563 622 3624 Ballista
643 3563 790 3642 sepultus.
838 3564 927 3626 Nocte
948 3562 997 3622 dic
1018 3569 1114 3622 taran
1129 3577 1232 3640 carpo,

58 3665 158 3742 riatur,
190 3667 277 3743 r'ter,'
311 3667 426 3728 Phocas
450 3685 485 3728 ea
511 3668 552 3726 ita
577 3675 725 3745 exornat,
759 3675 821 3728 tam
844 3666 977 3728 Ballista
998 3664 1106 3725 radam
1129 3663 1235 3744 lingua

56 3767 186 3831 titubante
207 3776 361 3852 receptam
378 3771 512 3832 instituit
530 3771 677 3850 primum,
703 3787 789 3851 quent
811 3787 877 3830 noae
899 3767 1042 3829 armabat
1064 3767 1095 3826 ia
1117 3763 1235 3826 umbris

58 3869 195 3934 Grassari
222 3875 365 3950 solitum;
398 3875 513 3935 crimen
543 3873 682 3934 doctrina
711 3871 834 3954 tepebat.
890 3874 965 3936 Mon
991 3870 1147 3950 patefacta
1180 3869 1238 3928 viri

56 3991 151 4050 pressa
178 3986 223 4040 est
252 3977 386 4040 audacia
416 3979 518 4038 sanis.
566 3976 676 4038 Incidit
705 3977 825 4037 titulum
854 3977 989 4050 lavmts,
1022 3991 1078 4053 quo
1103 3973 1236 4054 pignora

59 4081 124 4138 catis
140 4081 258 4142 Edidit:
284 4082 430 4161 auspiciis
453 4080 571 4160 suffecit
588 4097 689 4160 paena
704 4081 855 4162 magistri.
904 4080 1002 4139 Monte
1017 4074 1072 4138 sub
1087 4074 1141 4135 hoc
1156 4074 1237 4155 lapi-

59 4178 118 4240 dant
143 4195 174 4246 et
202 4204 286 4266 quae
309 4194 481 4246 secuntur:
517 4183 597 4244 male
621 4184 705 4244 enim
730 4191 861 4261 argutus
884 4191 934 4242 est
955 4176 1237 4242 Reifferscheidius

60 4303 119 4344 curn
140 4307 175 4348 ea
198 4307 282 4369 qnae
304 4298 459 4349 secuntur
480 4286 614 4347 secludit
639 4287 835 4365 Phocamque
859 4285 964 4346 minus
987 4301 1081 4362 quam
1105 4282 1163 4342 luit
1187 4282 1237 4340 in-

61 4398 153 4466 eptum
185 4391 321 4454 reddere
344 4389 461 4452 studet.
509 4389 661 4452 videntur
682 4399 787 4450 etitem
810 4387 888 4447 mihi
913 4395 996 4448 recte
1020 4387 1157 4446 sensisse
1181 4383 1236 4462 qui

60 4495 121 4556 alim
144 4500 173 4560 in
190 4498 299 4560 Donati
326 4496 390 4556 vita
412 4493 611 4574 scripserunt
635 4491 701 4554 ludi
721 4491 900 4574 gladiatorii
920 4490 1113 4570 magistrum,
1140 4484 1237 4546 idest

974 4607 1030 4662 22*
