3182 5132
572 403 742 468 Αιιιιουτι.
1177 389 1250 464 403

81 595 201 676 speciem
223 615 304 676 quae
328 595 406 656 mihi
429 594 558 676 quidem
583 613 764 660 concessam
780 595 904 658 Graeco.
920 596 1057 658 sermoni
1073 593 1251 656 libertatem

82 699 220 762 excedere
243 697 387 763 videtur:
416 707 501 761 certa
524 708 628 760 autem
653 717 705 761 res
727 709 775 761 est
794 697 876 781 (nam
893 700 1058 762 minimum
1074 697 1125 760 bis
1142 697 1251 760 eodem

82 801 159 862 modo
180 802 318 882 loquitur
340 799 566 884 Thucydides),
592 819 784 882 quamquam
808 801 888 882 lugit
911 803 1114 883 interpretes,
1140 820 1253 864 recen-

81 907 163 968 tiores
189 914 274 966 certe
304 912 336 966 et
365 924 444 986 quos
473 906 628 968 noverim.
675 904 781 967 libror
804 925 872 986 cap.
892 907 911 967 2
935 906 1014 966 haec
1042 906 1177 986 legimus
1198 899 1252 988 rip

81 1011 139 1089 γοῦν
157 1001 284 1091 Ἀττικὴν
308 1007 343 1070 ἐκ
364 1011 417 1072 τοῦ
439 1005 488 1070 ἐπὶ
509 1007 646 1072 πλεῖστον
670 1003 721 1072 διὰ
743 1003 776 1072 τὸ
799 1004 966 1092 λεπτόγεων
982 1003 1180 1072 ἀστασίαστον
1196 999 1253 1072 σό-

82 1134 127 1174 σαν
155 1102 308 1196 ἅνθρωποι
337 1101 434 1197 ᾤκουν
464 1112 492 1176 oi
521 1106 606 1176 αὐτοὶ
635 1107 693 1176 ἀεί.
741 1115 936 1194 coniungunt
964 1113 998 1176 ἐκ
1020 1115 1072 1176 τοῦ
1094 1106 1142 1176 ἐπὶ
1163 1111 1253 1174 πλεῖ-

82 1237 146 1278 στον.
191 1235 252 1296 quo
276 1217 460 1296 confingunt-
482 1215 611 1280 dicendi
628 1217 780 1278 rationem
797 1236 902 1297 neque
919 1217 1073 1298 exemplis
1089 1215 1252 1297 probatam

81 1337 170 1400 neque
192 1339 251 1400 per
272 1338 309 1382 se
331 1319 540 1400 probabilem,
566 1339 661 1400 quam
685 1321 793 1383 volunt
815 1321 993 1401 significare
1017 1319 1055 1384 ab
1074 1321 1254 1402 antiquissi-

83 1423 215 1486 nitiade
237 1423 431 1506 temporibus.
480 1422 514 1484 id
536 1443 607 1486 cum
631 1423 781 1486 iubemur
803 1425 925 1505 pariter
947 1422 1069 1486 reterre
1092 1424 1132 1486 ad
1155 1418 1254 1486 ἀστα-

82 1524 183 1590 σίαστον
206 1517 298 1592 οὖσαν
322 1537 418 1607 atque
441 1525 480 1588 ed
504 1525 532 1589 cl
555 1520 639 1590 αὐτοὶ
660 1521 709 1590 ἀεὶ
732 1517 842 1616 ᾤκουν,
867 1527 973 1590 iecere
997 1508 1146 1590 iubemur
1169 1526 1255 1607 quod

81 1630 140 1692 lieri
166 1633 289 1713 nequit.
338 1630 512 1710 simplicius
542 1639 574 1692 et
598 1632 716 1694 rectius
740 1631 891 1694 iudicavit
914 1632 1096 1694 scholiastes
1119 1631 1253 1697 eumad

81 1724 159 1798 υόσαν
185 1733 357 1816 adscripsit
387 1728 450 1796 dari
471 1735 523 1798 τοῦ
546 1729 634 1796 εἶναι.
682 1734 833 1797 nimirum
857 1734 936 1798 duas
958 1734 1159 1817 Thucydides
1181 1753 1254 1796 cra-

81 1839 162 1900 tionis
182 1838 297 1900 lormas
320 1835 473 1915 confudit,
499 1838 630 1900 alteram
655 1838 746 1917 hane,
772 1832 826 1922 τὴν
849 1841 920 1922 γοῦν
939 1832 1071 1922 Ἀττικὴν
1094 1833 1143 1902 ἐπὶ
1164 1837 1253 1902 πλεῖ-

80 1963 136 2004 στον
156 1936 204 2006 διὰ
225 1935 258 2005 τό
282 1933 449 2024 λεπτόγεων
473 1934 670 2004 ἀστασίαστον
695 1931 799 2020 οὖσαν,
825 1942 957 2006 alteram
981 1943 1081 2022 hanc,
1106 1935 1159 2026 τήν
1181 1944 1253 2024 γυῖιν

78 2038 191 2128 Ἀττικὴν
219 2044 254 2107 έκ
282 2046 334 2107 τοῦ
363 2039 411 2106 ἐπὶ
439 2043 575 2107 πλεῖστον
605 2039 656 2108 διά
687 2041 720 2108 τό
752 2041 919 2128 λεπτόγεων
943 2040 1138 2110 ἀστασίαστον
1162 2042 1250 2124 εἶναι,

81 2148 332 2242 quemadmodum
362 2147 443 2209 dixit
459 2167 468 2207 1
487 2148 546 2210 lTT
571 2138 589 2232 ἢ
613 2147 648 2211 ἐκ
669 2151 721 2214 coit
744 2143 872 2219 reticita
899 2142 1043 2236 σφάλλειν
1066 2145 1098 2214 τὸ
1121 2147 1253 2213 ἐναντίον

79 2243 162 2334 όνομα
182 2243 336 2338 ἀρρυσόνιγ
360 2241 607 2336 μετωνόμασται,Ι
631 2272 659 2314 rr
676 2255 716 2314 38
740 2245 756 2316 ‘o
773 2249 805 2316 δέ
825 2245 915 2336 νόμος
930 2253 964 2316 ἐκ
980 2253 1031 2316 τοῦ
1048 2248 1089 2336 μὴ
1106 2247 1254 2318 δόνασθαι
1266 2259 1309 2309 15⁴

79 2350 145 2440 ὑμᾶς
171 2357 283 2440 μᾶλλον
305 2347 326 2439 ἢ
349 2353 533 2439 δυναμένους
561 2354 651 2440 έτέθη
683 2349 849 2440 ἀτιμάζειν.
898 2355 1009 2418 eodem
1032 2367 1138 2420 autem
1162 2357 1253 2420 modo

79 2458 266 2542 Thucydides
295 2459 498 2540 participium
521 2468 553 2522 ct
575 2460 767 2524 infinitivum
791 2459 933 2521 contudit
956 2461 1020 2538 vl,
1046 2457 1097 2524 καὶ
1120 2455 1155 2524 οὐ
1178 2461 1253 2546 βου-

79 2557 190 2646 λόμενος
211 2557 321 2634 atrei<
344 2557 450 2627 διὰτὸ
473 2562 505 2626 έν
527 2566 570 2650 τῷ
593 2558 675 2648 αὐτῷ
696 2561 887 2648 καθημένους
911 2559 1105 2648 βαρύνεσθαι,
1132 2559 1251 2628 ἀναλα-

79 2660 131 2748 βών
151 2656 214 2750 ἦγε.
262 2665 343 2730 dixit
365 2665 557 2751 καθημένους
580 2667 670 2748 (γυροί
694 2686 756 2728 non
780 2664 914 2729 dixisset
930 2675 1021 2731 antea
1039 2662 1089 2730 διὰ
1103 2661 1147 2746 τό,
1174 2686 1254 2750 quo-

80 2787 140 2832 cum
160 2781 347 2851 congrueret
369 2769 536 2854 καθῆσθαι.
577 2765 722 2856 <tertium
747 2771 927 2851 exemplum
952 2780 1000 2832 est
1019 2789 1048 2831 rr
1065 2771 1102 2830 63
1128 2765 1178 2834 καλ
1202 2773 1252 2832 νῦν

80 2875 124 2936 at
147 2868 277 2960 ἀφανοῦς
299 2897 332 2938 τε
353 2871 459 2938 codron
483 2869 533 2936 διὰ
554 2868 587 2938 τό
612 2869 795 2959 ἀτέκμαρτον
819 2871 885 2944 δέος
908 2869 958 2936 καὶ
981 2869 1031 2937 διά
1053 2868 1085 2937 τὸ
1108 2863 1167 2958 ἤδη
1191 2896 1253 2958 φο-

81 2973 171 3060 βιρυάς
190 2971 339 3063 παρόντας
357 2973 535 3062 Ἀθηναίους
557 2973 624 3042 κατ’
651 2972 808 3063 ἀμφότερα
830 2973 1057 3064 ἐκπλαγέντες.)

152 3081 271 3146 Addam
301 3082 352 3144 his
380 3103 420 3146 ex
449 3081 565 3146 scheda
600 3082 735 3162 quadam
766 3080 936 3144 Godolredi
967 3083 1138 3146 Hermanni
1168 3080 1252 3162 quod

79 3184 252 3261 placiturum
284 3198 354 3248 esse
383 3195 459 3268 puto
489 3187 535 3248 eis
557 3205 692 3266 quorum
715 3203 811 3266 opera
834 3188 915 3248 circa
939 3185 1155 3268 Thucydidem
1179 3203 1253 3245 ver-

80 3297 164 3350 satur.
210 3290 293 3352 libro
308 3309 337 3352 rr
359 3309 428 3372 cap.
448 3289 487 3352 tt
517 3288 669 3352 scribitur
698 3289 791 3350 hodie
820 3281 1000 3361 ἀπελθόντες
1026 3289 1057 3361 ἐς
1081 3282 1178 3362 Νάξον
1201 3283 1252 3352 καὶ

79 3386 227 3478 σταόρωμα
248 3387 315 3478 περὶ
339 3388 373 3456 τό
396 3388 594 3479 στρατόπεδον
616 3386 815 3476 ποιησάμενοι
837 3387 928 3458 αὐτοῦ
951 3390 1152 3477 διεχείμαζον.
1193 3392 1251 3455 sed

79 3494 141 3556 libri
168 3497 286 3560 habent
315 3499 430 3580 partim
461 3497 492 3570 ἐς
520 3490 605 3568 νάξον
633 3493 685 3560 καλ
716 3495 832 3582 θρᾶκας
863 3489 1042 3580 σταύρωμα,
1075 3498 1189 3578 partim
1220 3496 1251 3566 ές

77 3592 150 3668 adice
180 3596 231 3664 καλ
264 3600 380 3686 θρᾶκας
414 3595 628 3686 σταυρώματα.
674 3601 810 3663 Threces
840 3601 946 3680 inepte
978 3609 1251 3662 conmemorantur

80 3713 214 3786 recteque
236 3705 354 3790 θρᾶιιας
377 3705 496 3769 delevit
518 3705 693 3767 bekkerus.
734 3713 876 3768 remanet
896 3713 1002 3764 tamen
1018 3702 1172 3764 dubitatio
1188 3705 1249 3769 nisi

79 3805 276 3891 intellegimus
305 3827 367 3889 quo
396 3810 525 3871 consilio
548 3808 664 3893 θρδικας
686 3808 881 3888 adscriptum
904 3807 956 3868 sit.
1004 3805 1087 3870 haud
1111 3805 1249 3868 absurde

80 3909 249 3976 Franciscus
272 3913 382 3976 Portus
405 3912 521 3997 θρδιιιας
544 3911 660 3974 laetum
684 3931 753 3974 esse
774 3931 813 3974 ex
828 3903 967 3996 χάρακας
983 3908 1080 3989 idque
1096 3909 1137 3972 ad
1153 3905 1249 3973 σταύ-

79 4033 155 4097 ρωμα
181 4016 413 4097 interpretandi
444 4035 536 4080 causa
566 4015 761 4096 adscriptum
785 4014 881 4078 hrisse
904 4013 1038 4096 putavit.
1085 4013 1194 4074 scitius
1218 4023 1248 4075 et

78 4118 172 4180 verius
198 4121 414 4208 llermannus¹
428 4121 585 4183 intellexit
613 4121 713 4181 latere
742 4111 896 4203 deiparae.
943 4125 1077 4180 utuntur
1107 4135 1143 4177 ea
1173 4135 1248 4178 voce

78 4217 253 4302 interpretes
287 4224 439 4305 Byzantii.
492 4224 674 4286 scholiastes
707 4219 928 4302 Aristophanis
953 4222 1048 4301 Vesp.
1074 4221 1136 4280 386
1172 4213 1247 4304 δρό-

77 4344 174 4404 petru
193 4321 249 4411 γάρ
272 4319 383 4398 Εάλινυι
405 4324 554 4414 θώρακες,
579 4321 617 4392 τά
639 4322 866 4411 διαρράγματα,
890 4317 909 4409 ἢ
932 4319 969 4388 τά
988 4322 1244 4410 περιτειχίσμασιν.

77 4423 257 4510 adscriptum
287 4442 392 4494 autem
423 4431 536 4511 plurali
566 4449 698 4494 numero
728 4423 871 4514 θώρακας
899 4429 1023 4510 plurale
1046 4421 1246 4512 σταυρώματα

76 4533 281 4598 commendare
303 4533 443 4613 videtur,
469 4553 531 4616 quo
554 4532 755 4616 Thucydides
776 4553 816 4596 νιι
835 4533 873 4594 53
898 4533 1009 4594 utitur.
