3156 5132
322 404 395 476 304
715 425 758 484 Ex
781 443 876 487 usur
901 428 1107 489 Bruotrnrusr.

406 609 449 674 Ca
471 613 689 693 panegyrique
712 623 760 676 est
782 614 863 677 celui
886 613 962 676 d’un
986 616 1031 677 roi
1054 613 1172 677 devant
1194 616 1248 696 qui
1272 616 1294 677 il
1316 635 1335 678 a
1357 619 1408 677 ete
1428 635 1494 696 pro-

320 717 436 793 nonce,
467 726 500 775 et
521 733 583 795 que
607 716 742 779 l'auteur
765 719 948 799 interpelle,
978 718 1204 780 clementissime
1225 738 1342 802 reynm.
1391 720 1433 781 Ge
1455 721 1494 781 mi
1573 700 1574 720 i

261 833 309 880 aaa
319 820 422 896 paruit
443 807 555 896 avoir'‚
581 822 851 885 anterieureruent
872 827 890 884 a
913 841 969 884 son
992 825 1198 902 avenement,
1222 821 1412 884 administro
1432 842 1497 884 sous

318 939 361 981 un
381 921 479 999 jeunc
501 923 612 1002 prince
635 923 767 988 d’abord
789 927 924 1006 mineur,
950 927 1073 1004 majeur
1093 928 1235 1006 ensuite,
1260 928 1315 1007 qui
1339 927 1496 1006 regnaut

318 1024 478 1087 Ravenne.
518 1027 562 1089 Ne
586 1029 769 1108 pourraitil
791 1047 848 1110 pas
870 1033 938 1092 etro
960 1029 990 1090 le
1014 1030 1060 1090 roi
1076 1029 1234 1110 ostrogoth
1250 1028 1403 1109 theoda,
1424 1030 1496 1090 mari

317 1124 588 1210 d'Amalasonthe,
619 1131 795 1214 beau-pere
819 1142 852 1195 et
873 1151 1058 1195 successeur
1078 1132 1123 1196 du
1142 1134 1238 1212 jeuue
1260 1131 1445 1194 Athalaric?
1472 1131 1496 1192 ia

317 1231 407 1311 piene
437 1237 678 1298 commenoerait
695 1235 768 1317 'par
794 1236 824 1297 le
854 1238 934 1298 reoit
963 1235 1058 1298 d'une
1087 1235 1214 1298 bataille
1244 1239 1285 1297 oi1
1306 1235 1448 1298 Theodat
1468 1255 1498 1296 se

316 1336 413 1397 serait
436 1335 596 1419 distingue
619 1357 692 1401 sous
714 1341 743 1402 le
767 1345 865 1421 regne
888 1339 928 1402 de
951 1339 1141 1416 Theodori03
1176 1339 1237 1402 elle
1260 1359 1341 1402 nous
1362 1359 1499 1422 appren-

317 1434 401 1500 drait
430 1441 525 1520 qu'en
556 1445 760 1524 recompenso
790 1442 830 1505 de
859 1463 910 1506 ses
937 1444 1070 1524 exploits
1093 1442 1233 1506 Theodat
1254 1444 1353 1506 serait
1376 1443 1498 1505 devenu

316 1539 391 1602 chef
410 1540 469 1604 des
490 1546 654 1625 spataires.

402 1645 616 1729 sequutum,
641 1649 719 1712 dont
741 1651 762 1712 il
786 1660 833 1713 est
855 1651 1002 1732 question
1025 1649 1105 1712 dans
1122 1650 1152 1710 la
1167 1649 1316 1712 derniere
1333 1650 1432 1731 ligne,
1457 1659 1500 1712 est

315 1766 378 1808 unc
401 1749 475 1812 ville
498 1750 539 1814 de
562 1754 657 1814 Mesia
680 1753 756 1818 dont
777 1755 867 1834 parle
891 1755 1042 1836 Procope,
1067 1753 1104 1815 de
1126 1751 1200 1815 betto
1225 1753 1356 1834 Gothico,
1384 1773 1431 1834 ιιι,
1449 1755 1496 1832 33,

315 1861 347 1911 et
376 1871 439 1932 que
468 1855 642 1918 Theodoric
670 1857 700 1918 le
723 1857 830 1920 Grand
861 1859 925 1938 prit
954 1857 1033 1920 dans
1062 1876 1096 1918 sa
1124 1857 1273 1936 jeunesse
1300 1855 1496 1938 (tomandes,

314 1971 383 2034 cap.
402 1955 469 2040 55).

400 2060 424 2121 ll
447 2081 466 2142 y
487 2080 506 2123 a
527 2082 591 2124 une
619 2063 739 2144 grande
768 2064 911 2145 analogio
940 2073 1031 2126 entre
1061 2083 1097 2125 oe
1124 2065 1343 2145 panegyrique
1367 2074 1401 2125 et
1423 2063 1499 2126 celui

313 2161 353 2224 de
376 2163 549 2227 Theodoric
572 2167 600 2228 le
623 2166 741 2247 Grand‚
767 2187 826 2249 par
848 2167 1036 2229 Ennodius'

398 2267 453 2342 liei
476 2267 535 2330 der
557 2269 798 2352 wiederholung
821 2269 878 2333 des
900 2291 961 2332 von
976 2270 1168 2333 Jubainville
1191 2269 1381 2352 gegebenen
1402 2281 1498 2333 textos

313 2365 483 2432 bezeichue
506 2373 556 2433 ich
579 2383 803 2456 erganzungen
827 2374 927 2437 durch
951 2373 1268 2437 cursivbuehstaben.

465 2545 534 2607 leva
558 2566 707 2626 percussa
730 2550 950 2611 vehementius
973 2549 1067 2611 dimi·
1284 2545 1493 2626 (Vorderseitc

466 2651 559 2712 cavit.
607 2661 642 2713 ut
664 2661 794 2732 putares
816 2652 964 2714 inlesum.
1011 2671 1108 2732 quem
1130 2670 1191 2712 non

466 2753 645 2834 ambigeres
667 2756 851 2816 sauciatum.
898 2754 1000 2816 dicam
1024 2757 1075 2816 in-

465 2857 630 2920 oredivilia
652 2858 712 2920 sub
735 2859 924 2920 conscientia
948 2860 1035 2920 vori-

468 2962 552 3023 tatis.
599 2962 764 3024 vulnerato
787 2981 914 3042 quoque
937 2960 1108 3042 cornipede
1132 2961 1195 3022 sola
1218 2970 1290 3023 too-

464 3074 532 3126 tum
555 3064 685 3128 dextera
709 3077 740 3128 et
763 3085 796 3128 se
819 3067 902 3128 tueri
926 3065 1037 3147 potuit.
1085 3075 1117 3126 et

465 3165 664 3231 inimicorum
687 3169 841 3230 mortibus
865 3169 997 3249 gloriosa
1020 3167 1088 3250 sus-

464 3271 539 3334 ficit.
587 3274 687 3335 sentio
710 3291 760 3333 me
784 3270 913 3353 quidem
937 3272 1121 3336 clementis-

463 3374 542 3437 sime
566 3395 676 3457 regum
700 3376 732 3438 in
755 3377 814 3436 hac
835 3374 1017 3437 audientiae
1041 3393 1154 3436 corona

467 3524 686 3542 .......
713 3480 843 3542 iactum.
890 3479 1070 3540 laurearum
1093 3489 1278 3540 vestrarum.

462 3586 670 3646 amouenitate
694 3575 831 3645 refoveri
855 3581 952 3644 seda
975 3583 1112 3644 circum-

462 3687 620 3749 stantibus
643 3689 749 3749 nescio
772 3687 847 3766 quia
870 3684 998 3748 dieitur.
1046 3696 1077 3747 et

462 3810 533 3852 eum
557 3789 684 3853 diversa
707 3789 796 3852 clade
818 3799 977 3870 peremtos
1001 3789 1086 3851 reie-

463 3905 538 3956 runt
561 3897 616 3974 qui
640 3892 823 3955 interfuisse
845 3901 1031 3954 noscuntur.
1079 3899 1121 3954 tot

392 4135 431 4185 rt.
454 4136 512 4186 tter
536 4134 651 4200 glorioso
669 4133 784 4186 sutfecit.
869 4139 910 4184 to.
929 4133 1083 4184 tutotnvttte
1100 4137 1209 4198 modost
1229 4135 1336 4198 (magna
1355 4135 1489 4198 etinctum.

307 4221 478 4276 attractant
500 4221 615 4272 refoveri
639 4221 690 4285 aas
710 4234 795 4286 paene
819 4223 967 4272 extinctum
990 4234 1026 4272 aa
1045 4221 1156 4284 sitnm:
1183 4221 1341 4270 mostootten
1362 4220 1489 4285 admir-

304 4311 359 4359 uod
381 4309 541 4374 noscitetur·
564 4309 696 4359 ausdruck
718 4309 782 4372 dors
799 4322 862 4358 mco
884 4309 953 4358 atctt
971 4309 1075 4358 meten.
1113 4311 1156 4356 ts.
1174 4305 1332 4358 tutoioottte
1349 4309 1417 4372 ytott
1433 4308 1488 4372 quie

305 4397 405 4449 dicitur
425 4397 479 4446 uod
501 4396 614 4447 tentati
639 4396 717 4460 ‘quid
741 4399 822 4447 serait
837 4394 1018 4459 prdstrobtod
1052 4393 1131 4458 quio'.
1170 4394 1323 4444 tcittrem
1341 4391 1488 4456 nescioqui

304 4483 431 4535 adicitur:
461 4487 515 4537 ‘die
536 4487 717 4538 utmtetendeo
740 4487 820 4550 [cyon
842 4485 900 4534 dem
921 4485 1017 4546 ytooze
1039 4483 1125 4532 denos
1151 4483 1253 4532 ratmot
1276 4483 1360 4532 duret
1379 4483 1434 4531 titre
1449 4493 1487 4528 er·

304 4573 450 4635 admoneto
468 4574 532 4622 noct
550 4572 647 4632 diuza),
