<?xml version="1.0" encoding="UTF-8"?>
<!DOCTYPE html PUBLIC "-//W3C//DTD XHTML 1.0 Transitional//EN"
    "http://www.w3.org/TR/xhtml1/DTD/xhtml1-transitional.dtd">
<html xmlns="http://www.w3.org/1999/xhtml" xml:lang="en" lang="en">
 <head>
  <title>
</title>
<meta http-equiv="Content-Type" content="text/html;charset=utf-8" />
  <meta name='ocr-system' content='tesseract 3.04.00' />
  <meta name='ocr-capabilities' content='ocr_page ocr_carea ocr_par ocr_line ocrx_word'/>
</head>
<body>
  <div class='ocr_page' id='page_1' title='image "./mavriciihavptii01haupgoog/mavriciihavptii01haupgoog_0619.png"; bbox 0 0 3252 5130; ppageno 0'>
   <div class='ocr_carea' id='block_1_1' title="bbox 345 405 1135 502">
    <p class='ocr_par' dir='ltr' id='par_1_1' title="bbox 345 405 1135 502">
     <span class='ocr_line' id='line_1_1' title="bbox 345 405 1135 502; baseline 0.003 -26"><span class='ocrx_word' id='word_1_1' title='bbox 345 405 420 476; x_wconf 83' lang='lat'>608</span> <span class='ocrx_word' id='word_1_2' title='bbox 734 421 785 502; x_wconf 68' lang='lat' dir='ltr'>⁵lix</span> <span class='ocrx_word' id='word_1_3' title='bbox 807 437 903 481; x_wconf 84' lang='grc' dir='ltr'>ιιιιιιικ</span> <span class='ocrx_word' id='word_1_4' title='bbox 926 421 1135 482; x_wconf 83' lang='grc' dir='ltr'>Βιειιοιικιιιει.</span> 
     </span>
    </p>
   </div>
   <div class='ocr_carea' id='block_1_2' title="bbox 343 607 1522 1307">
    <p class='ocr_par' dir='ltr' id='par_1_2' title="bbox 343 607 1522 1307">
     <span class='ocr_line' id='line_1_2' title="bbox 343 607 1519 694; baseline -0.003 -24"><span class='ocrx_word' id='word_1_5' title='bbox 343 607 457 694; x_wconf 82' lang='grc' dir='ltr'>πρῷος,</span> <span class='ocrx_word' id='word_1_6' title='bbox 482 608 567 689; x_wconf 92' lang='lat' dir='ltr'>quod</span> <span class='ocrx_word' id='word_1_7' title='bbox 577 607 721 670; x_wconf 85' lang='lat' dir='ltr'>Prellero</span> <span class='ocrx_word' id='word_1_8' title='bbox 744 611 776 671; x_wconf 90' lang='lat' dir='ltr'>in</span> <span class='ocrx_word' id='word_1_9' title='bbox 801 618 940 671; x_wconf 83' lang='lat' dir='ltr'><strong>mentem</strong></span> <span class='ocrx_word' id='word_1_10' title='bbox 965 609 1061 688; x_wconf 84' lang='lat' dir='ltr'>venit,</span> <span class='ocrx_word' id='word_1_11' title='bbox 1087 607 1144 670; x_wconf 91' lang='lat' dir='ltr'>sed</span> <span class='ocrx_word' id='word_1_12' title='bbox 1168 619 1202 670; x_wconf 88' lang='lat' dir='ltr'>ut</span> <span class='ocrx_word' id='word_1_13' title='bbox 1224 607 1319 670; x_wconf 87' lang='lat' dir='ltr'>simul</span> <span class='ocrx_word' id='word_1_14' title='bbox 1334 607 1368 667; x_wconf 94' lang='lat' dir='ltr'>in</span> <span class='ocrx_word' id='word_1_15' title='bbox 1383 607 1440 668; x_wconf 81' lang='lat' dir='ltr'>elia</span> <span class='ocrx_word' id='word_1_16' title='bbox 1454 626 1519 668; x_wconf 86' lang='lat' dir='ltr'>ver·</span> 
     </span>
     <span class='ocr_line' id='line_1_3' title="bbox 345 709 1519 800; baseline -0.003 -28"><span class='ocrx_word' id='word_1_17' title='bbox 345 711 436 773; x_wconf 91' lang='lat' dir='ltr'>siculi</span> <span class='ocrx_word' id='word_1_18' title='bbox 465 721 556 792; x_wconf 84' lang='lat' dir='ltr'>perte</span> <span class='ocrx_word' id='word_1_19' title='bbox 582 723 742 794; x_wconf 78' lang='lat' dir='ltr'>peccaret.</span> <span class='ocrx_word' id='word_1_20' title='bbox 788 711 921 800; x_wconf 13' lang='lat' dir='ltr'>&#39;fortasse</span> <span class='ocrx_word' id='word_1_21' title='bbox 943 731 1007 773; x_wconf 94' lang='lat' dir='ltr'>non</span> <span class='ocrx_word' id='word_1_22' title='bbox 1031 710 1214 792; x_wconf 82' lang='lat' dir='ltr'>displicebit</span> <span class='ocrx_word' id='word_1_23' title='bbox 1236 710 1270 770; x_wconf 90' lang='lat' dir='ltr'>in</span> <span class='ocrx_word' id='word_1_24' title='bbox 1294 709 1380 790; x_wconf 90' lang='lat' dir='ltr'>quod</span> <span class='ocrx_word' id='word_1_25' title='bbox 1402 729 1456 790; x_wconf 81' lang='lat' dir='ltr'>ego</span> <span class='ocrx_word' id='word_1_26' title='bbox 1476 711 1519 770; x_wconf 92' lang='lat' dir='ltr'>in-</span> 
     </span>
     <span class='ocr_line' id='line_1_4' title="bbox 345 805 1520 899; baseline -0.001 -25"><span class='ocrx_word' id='word_1_27' title='bbox 345 813 421 892; x_wconf 84' lang='lat' dir='ltr'>cidi,</span> <span class='ocrx_word' id='word_1_28' title='bbox 448 805 483 877; x_wconf 75' lang='grc' dir='ltr'>ἃν</span> <span class='ocrx_word' id='word_1_29' title='bbox 505 812 656 899; x_wconf 85' lang='grc' dir='ltr'>προαπίης</span> <span class='ocrx_word' id='word_1_30' title='bbox 677 809 881 892; x_wconf 73' lang='grc' dir='ltr'>καταλύσεως,</span> <span class='ocrx_word' id='word_1_31' title='bbox 906 818 935 878; x_wconf 80' lang='lat' dir='ltr'>si</span> <span class='ocrx_word' id='word_1_32' title='bbox 949 816 1041 896; x_wconf 84' lang='lat' dir='ltr'>prins</span> <span class='ocrx_word' id='word_1_33' title='bbox 1055 813 1122 876; x_wconf 84' lang='lat' dir='ltr'>obis</span> <span class='ocrx_word' id='word_1_34' title='bbox 1136 829 1228 895; x_wconf 79' lang='lat' dir='ltr'>qnam</span> <span class='ocrx_word' id='word_1_35' title='bbox 1243 821 1407 874; x_wconf 70' lang='lat' dir='ltr'>centennis</span> <span class='ocrx_word' id='word_1_36' title='bbox 1421 813 1520 874; x_wconf 71' lang='lat' dir='ltr'>desed-</span> 
     </span>
     <span class='ocr_line' id='line_1_5' title="bbox 345 909 1521 1000; baseline -0.003 -22"><span class='ocrx_word' id='word_1_37' title='bbox 345 917 440 978; x_wconf 86' lang='lat' dir='ltr'>oitnr.</span> <span class='ocrx_word' id='word_1_38' title='bbox 471 935 543 978; x_wconf 83' lang='lat' dir='ltr'>mox</span> <span class='ocrx_word' id='word_1_39' title='bbox 558 934 655 979; x_wconf 90' lang='lat' dir='ltr'>versu</span> <span class='ocrx_word' id='word_1_40' title='bbox 670 927 755 980; x_wconf 85' lang='lat' dir='ltr'>sexto</span> <span class='ocrx_word' id='word_1_41' title='bbox 771 919 926 980; x_wconf 85' lang='lat' dir='ltr'>Porsonus</span> <span class='ocrx_word' id='word_1_42' title='bbox 939 917 1108 979; x_wconf 87' lang='lat' dir='ltr'>verissime</span> <span class='ocrx_word' id='word_1_43' title='bbox 1123 917 1252 997; x_wconf 86' lang='lat' dir='ltr'>scripsit</span> <span class='ocrx_word' id='word_1_44' title='bbox 1265 909 1282 978; x_wconf 77' lang='lat' dir='ltr'>b</span> <span class='ocrx_word' id='word_1_45' title='bbox 1298 911 1521 1000; x_wconf 80' lang='grc' dir='ltr'>προσδιατρίβον</span> 
     </span>
     <span class='ocr_line' id='line_1_6' title="bbox 347 1011 1521 1102; baseline -0.002 -22"><span class='ocrx_word' id='word_1_46' title='bbox 347 1011 376 1080; x_wconf 85' lang='grc' dir='ltr'>δ’</span> <span class='ocrx_word' id='word_1_47' title='bbox 408 1016 564 1082; x_wconf 77' lang='grc' dir='ltr'>ἐκοπίασεν</span> <span class='ocrx_word' id='word_1_48' title='bbox 594 1012 760 1099; x_wconf 83' lang='grc' dir='ltr'>ἀπολέσας,</span> <span class='ocrx_word' id='word_1_49' title='bbox 797 1039 903 1102; x_wconf 90' lang='lat' dir='ltr'>neque</span> <span class='ocrx_word' id='word_1_50' title='bbox 932 1017 1020 1083; x_wconf 83' lang='lat' dir='ltr'>eliud</span> <span class='ocrx_word' id='word_1_51' title='bbox 1053 1017 1276 1100; x_wconf 80' lang='lat' dir='ltr'>quaerendum</span> <span class='ocrx_word' id='word_1_52' title='bbox 1306 1029 1386 1079; x_wconf 82' lang='lat' dir='ltr'>eret.</span> <span class='ocrx_word' id='word_1_53' title='bbox 1436 1036 1521 1078; x_wconf 81' lang='lat' dir='ltr'>versu</span> 
     </span>
     <span class='ocr_line' id='line_1_7' title="bbox 345 1115 1522 1208; baseline -0.002 -25"><span class='ocrx_word' id='word_1_54' title='bbox 345 1123 480 1202; x_wconf 90' lang='lat' dir='ltr'>septimo</span> <span class='ocrx_word' id='word_1_55' title='bbox 503 1122 709 1185; x_wconf 90' lang='lat' dir='ltr'>scribendum</span> <span class='ocrx_word' id='word_1_56' title='bbox 729 1133 778 1186; x_wconf 91' lang='lat' dir='ltr'>est</span> <span class='ocrx_word' id='word_1_57' title='bbox 792 1126 893 1195; x_wconf 85' lang='grc' dir='ltr'>κακῶς</span> <span class='ocrx_word' id='word_1_58' title='bbox 907 1144 939 1186; x_wconf 82' lang='grc' dir='ltr'>τε</span> <span class='ocrx_word' id='word_1_59' title='bbox 953 1125 1052 1208; x_wconf 88' lang='grc' dir='ltr'>γηρῶν</span> <span class='ocrx_word' id='word_1_60' title='bbox 1067 1115 1172 1205; x_wconf 69' lang='grc' dir='ltr'>ἐνδεής</span> <span class='ocrx_word' id='word_1_61' title='bbox 1185 1143 1243 1184; x_wconf 82' lang='grc' dir='ltr'>που</span> <span class='ocrx_word' id='word_1_62' title='bbox 1257 1119 1400 1204; x_wconf 84' lang='grc' dir='ltr'>γίγνεται,</span> <span class='ocrx_word' id='word_1_63' title='bbox 1425 1137 1522 1203; x_wconf 65' lang='lat' dir='ltr'>eperunt</span> 
     </span>
     <span class='ocr_line' id='line_1_8' title="bbox 343 1211 1474 1307; baseline -0.002 -22"><span class='ocrx_word' id='word_1_64' title='bbox 343 1223 478 1305; x_wconf 78' lang='lat' dir='ltr'>sortasse</span> <span class='ocrx_word' id='word_1_65' title='bbox 496 1227 540 1306; x_wconf 77' lang='lat' dir='ltr'>fit.</span> <span class='ocrx_word' id='word_1_66' title='bbox 587 1244 661 1288; x_wconf 82' lang='lat' dir='ltr'>nem</span> <span class='ocrx_word' id='word_1_67' title='bbox 684 1245 857 1307; x_wconf 87' lang='lat' dir='ltr'>pronomen</span> <span class='ocrx_word' id='word_1_68' title='bbox 882 1226 961 1289; x_wconf 90' lang='lat' dir='ltr'>illud</span> <span class='ocrx_word' id='word_1_69' title='bbox 984 1225 1185 1289; x_wconf 82' lang='lat' dir='ltr'>indefinitum</span> <span class='ocrx_word' id='word_1_70' title='bbox 1209 1223 1386 1287; x_wconf 80' lang='lat' dir='ltr'>absurdum</span> <span class='ocrx_word' id='word_1_71' title='bbox 1408 1211 1474 1284; x_wconf 78' lang='lat' dir='ltr'>est.¹</span> 
     </span>
    </p>
   </div>
   <div class='ocr_carea' id='block_1_3' title="bbox 322 1333 1524 1548">
    <p class='ocr_par' dir='ltr' id='par_1_3' title="bbox 322 1333 1524 1548">
     <span class='ocr_line' id='line_1_9' title="bbox 322 1333 1524 1430; baseline -0.001 -25"><span class='ocrx_word' id='word_1_72' title='bbox 322 1333 337 1381; x_wconf 84' lang='lat'>⁷</span> <span class='ocrx_word' id='word_1_73' title='bbox 434 1344 581 1407; x_wconf 85' lang='lat' dir='ltr'>CXXXII.</span> <span class='ocrx_word' id='word_1_74' title='bbox 627 1345 782 1410; x_wconf 86' lang='lat' dir='ltr'>Stobeeus</span> <span class='ocrx_word' id='word_1_75' title='bbox 804 1365 877 1410; x_wconf 81' lang='lat' dir='ltr'>cxxv</span> <span class='ocrx_word' id='word_1_76' title='bbox 895 1347 932 1408; x_wconf 86' lang='lat' dir='ltr'>to</span> <span class='ocrx_word' id='word_1_77' title='bbox 957 1343 1138 1429; x_wconf 83' lang='grc' dir='ltr'>Τιμοκλέους</span> <span class='ocrx_word' id='word_1_78' title='bbox 1161 1338 1327 1430; x_wconf 81' lang='grc' dir='ltr'>Σονεργικά</span> <span class='ocrx_word' id='word_1_79' title='bbox 1355 1341 1524 1428; x_wconf 74' lang='grc' dir='ltr'>(Σονερίίλον</span> 
     </span>
     <span class='ocr_line' id='line_1_10' title="bbox 347 1441 1286 1548; baseline 0.002 -40"><span class='ocrx_word' id='word_1_80' title='bbox 347 1445 522 1509; x_wconf 86' lang='lat' dir='ltr'>lleinekius</span> <span class='ocrx_word' id='word_1_81' title='bbox 546 1448 631 1529; x_wconf 89' lang='lat' dir='ltr'>olim,</span> <span class='ocrx_word' id='word_1_82' title='bbox 658 1461 767 1530; x_wconf 80' lang='lat' dir='ltr'>postea</span> <span class='ocrx_word' id='word_1_83' title='bbox 790 1447 964 1534; x_wconf 77' lang='grc' dir='ltr'>Σονερίίλοις</span> <span class='ocrx_word' id='word_1_84' title='bbox 985 1451 1037 1548; x_wconf 86' lang='lat' dir='ltr'>vel</span> <span class='ocrx_word' id='word_1_85' title='bbox 1061 1441 1286 1533; x_wconf 81' lang='grc' dir='ltr'>Σονεργοίταις).</span> 
     </span>
    </p>
   </div>
   <div class='ocr_carea' id='block_1_4' title="bbox 501 1577 1217 1777">
    <p class='ocr_par' dir='ltr' id='par_1_4' title="bbox 501 1577 1217 1777">
     <span class='ocr_line' id='line_1_11' title="bbox 501 1577 1202 1671; baseline 0.001 -23"><span class='ocrx_word' id='word_1_86' title='bbox 501 1585 561 1657; x_wconf 89' lang='grc' dir='ltr'>τοῖς</span> <span class='ocrx_word' id='word_1_87' title='bbox 585 1583 637 1669; x_wconf 76' lang='grc' dir='ltr'>μὲν</span> <span class='ocrx_word' id='word_1_88' title='bbox 660 1585 821 1652; x_wconf 76' lang='grc' dir='ltr'>τεθνεῶσιν</span> <span class='ocrx_word' id='word_1_89' title='bbox 837 1577 944 1660; x_wconf 80' lang='grc' dir='ltr'><strong>Ἔλεος</strong></span> <span class='ocrx_word' id='word_1_90' title='bbox 965 1582 1099 1671; x_wconf 71' lang='grc' dir='ltr'>Ιἐπιεικὴς</span> <span class='ocrx_word' id='word_1_91' title='bbox 1120 1581 1202 1664; x_wconf 77' lang='grc' dir='ltr'><strong>θεός,</strong></span> 
     </span>
     <span class='ocr_line' id='line_1_12' title="bbox 502 1683 1217 1777; baseline -0.003 -25"><span class='ocrx_word' id='word_1_92' title='bbox 502 1687 563 1760; x_wconf 83' lang='grc' dir='ltr'>τοῖς</span> <span class='ocrx_word' id='word_1_93' title='bbox 586 1690 663 1758; x_wconf 74' lang='grc' dir='ltr'>ζῶσι</span> <span class='ocrx_word' id='word_1_94' title='bbox 685 1683 712 1752; x_wconf 83' lang='grc' dir='ltr'>δ’</span> <span class='ocrx_word' id='word_1_95' title='bbox 740 1690 839 1777; x_wconf 77' lang='grc' dir='ltr'>ἕτερον</span> <span class='ocrx_word' id='word_1_96' title='bbox 865 1686 1064 1763; x_wconf 76' lang='grc' dir='ltr'>ἀνοσιώτατος</span> <span class='ocrx_word' id='word_1_97' title='bbox 1087 1685 1217 1761; x_wconf 60' lang='lat' dir='ltr'>obtine.</span> 
     </span>
    </p>
   </div>
   <div class='ocr_carea' id='block_1_5' title="bbox 348 1809 999 1897">
    <p class='ocr_par' dir='ltr' id='par_1_5' title="bbox 348 1809 999 1897">
     <span class='ocr_line' id='line_1_13' title="bbox 348 1809 999 1897; baseline 0.003 -25"><span class='ocrx_word' id='word_1_98' title='bbox 348 1809 453 1872; x_wconf 89' lang='lat' dir='ltr'>missis</span> <span class='ocrx_word' id='word_1_99' title='bbox 475 1812 569 1891; x_wconf 81' lang='lat' dir='ltr'>nugis</span> <span class='ocrx_word' id='word_1_100' title='bbox 591 1809 797 1874; x_wconf 89' lang='lat' dir='ltr'>scribendum</span> <span class='ocrx_word' id='word_1_101' title='bbox 820 1823 868 1876; x_wconf 87' lang='lat' dir='ltr'>est</span> <span class='ocrx_word' id='word_1_102' title='bbox 889 1810 999 1897; x_wconf 79' lang='grc' dir='ltr'>ἕτερος.</span> 
     </span>
    </p>
   </div>
   <div class='ocr_carea' id='block_1_6' title="bbox 339 1925 1519 2532">
    <p class='ocr_par' dir='ltr' id='par_1_6' title="bbox 339 1925 1519 2532">
     <span class='ocr_line' id='line_1_14' title="bbox 435 1925 1517 2017; baseline -0.002 -26"><span class='ocrx_word' id='word_1_103' title='bbox 435 1930 594 1992; x_wconf 87' lang='lat' dir='ltr'>CXXXIII.</span> <span class='ocrx_word' id='word_1_104' title='bbox 641 1929 778 1994; x_wconf 79' lang='lat' dir='ltr'>Galenus</span> <span class='ocrx_word' id='word_1_105' title='bbox 803 1929 871 2017; x_wconf 86' lang='grc' dir='ltr'>περί</span> <span class='ocrx_word' id='word_1_106' title='bbox 899 1930 1042 2017; x_wconf 77' lang='grc' dir='ltr'>κρισίμων</span> <span class='ocrx_word' id='word_1_107' title='bbox 1064 1925 1186 2016; x_wconf 80' lang='grc' dir='ltr'>ἡμερῶν</span> <span class='ocrx_word' id='word_1_108' title='bbox 1212 1951 1222 1993; x_wconf 95' lang='grc' dir='ltr'>ι</span> <span class='ocrx_word' id='word_1_109' title='bbox 1245 1935 1282 2010; x_wconf 83' lang='grc'>9,</span> <span class='ocrx_word' id='word_1_110' title='bbox 1308 1943 1332 1992; x_wconf 90' lang='lat' dir='ltr'>t.</span> <span class='ocrx_word' id='word_1_111' title='bbox 1358 1950 1391 1992; x_wconf 92' lang='grc' dir='ltr'>ιιι</span> <span class='ocrx_word' id='word_1_112' title='bbox 1414 1951 1444 2011; x_wconf 91' lang='lat' dir='ltr'>p.</span> <span class='ocrx_word' id='word_1_113' title='bbox 1469 1931 1517 1990; x_wconf 75' lang='lat' dir='ltr'>tat</span> 
     </span>
     <span class='ocr_line' id='line_1_15' title="bbox 347 2027 1519 2120; baseline 0.003 -27"><span class='ocrx_word' id='word_1_114' title='bbox 347 2033 417 2093; x_wconf 84' lang='lat' dir='ltr'>Bas.</span> <span class='ocrx_word' id='word_1_115' title='bbox 443 2051 498 2094; x_wconf 88' lang='lat' dir='ltr'>vm</span> <span class='ocrx_word' id='word_1_116' title='bbox 516 2034 576 2094; x_wconf 73' lang='lat' dir='ltr'>lob</span> <span class='ocrx_word' id='word_1_117' title='bbox 595 2033 651 2095; x_wconf 89' lang='lat' dir='ltr'>Ch.</span> <span class='ocrx_word' id='word_1_118' title='bbox 678 2053 707 2095; x_wconf 81' lang='lat' dir='ltr'>rx</span> <span class='ocrx_word' id='word_1_119' title='bbox 722 2035 784 2095; x_wconf 80' lang='grc' dir='ltr'>8ίὸ</span> <span class='ocrx_word' id='word_1_120' title='bbox 801 2037 852 2114; x_wconf 90' lang='grc' dir='ltr'>Κ.,</span> <span class='ocrx_word' id='word_1_121' title='bbox 877 2032 940 2098; x_wconf 88' lang='grc' dir='ltr'>ἔστι</span> <span class='ocrx_word' id='word_1_122' title='bbox 962 2030 993 2098; x_wconf 85' lang='grc' dir='ltr'>δ’</span> <span class='ocrx_word' id='word_1_123' title='bbox 1017 2027 1067 2099; x_wconf 80' lang='lat' dir='ltr'>‘o&#39;re</span> <span class='ocrx_word' id='word_1_124' title='bbox 1089 2031 1141 2098; x_wconf 85' lang='grc' dir='ltr'>καί</span> <span class='ocrx_word' id='word_1_125' title='bbox 1163 2029 1275 2120; x_wconf 74' lang='grc' dir='ltr'><strong>ἐξόχως</strong></span> <span class='ocrx_word' id='word_1_126' title='bbox 1289 2028 1356 2097; x_wconf 72' lang='grc' dir='ltr'>καθ’</span> <span class='ocrx_word' id='word_1_127' title='bbox 1385 2027 1519 2118; x_wconf 71' lang='grc' dir='ltr'>ὑπεροχὴν</span> 
     </span>
     <span class='ocr_line' id='line_1_16' title="bbox 347 2129 1519 2223; baseline 0 -27"><span class='ocrx_word' id='word_1_128' title='bbox 347 2131 414 2196; x_wconf 83' lang='grc' dir='ltr'>ἔνιοι</span> <span class='ocrx_word' id='word_1_129' title='bbox 436 2130 489 2219; x_wconf 75' lang='grc' dir='ltr'>τήν</span> <span class='ocrx_word' id='word_1_130' title='bbox 511 2138 563 2199; x_wconf 80' lang='grc' dir='ltr'>τοῦ</span> <span class='ocrx_word' id='word_1_131' title='bbox 585 2135 688 2220; x_wconf 80' lang='grc' dir='ltr'>γένους</span> <span class='ocrx_word' id='word_1_132' title='bbox 711 2130 783 2202; x_wconf 69' lang='grc' dir='ltr'>ὅλον</span> <span class='ocrx_word' id='word_1_133' title='bbox 797 2137 999 2223; x_wconf 80' lang='grc' dir='ltr'>προσηγορίαν</span> <span class='ocrx_word' id='word_1_134' title='bbox 1023 2136 1238 2223; x_wconf 72' lang='grc' dir='ltr'>σφετερίζεται,</span> <span class='ocrx_word' id='word_1_135' title='bbox 1264 2129 1366 2222; x_wconf 78' lang='grc' dir='ltr'>ὥσπερ</span> <span class='ocrx_word' id='word_1_136' title='bbox 1388 2129 1519 2217; x_wconf 76' lang='grc' dir='ltr'>καὶπαρὰ</span> 
     </span>
     <span class='ocr_line' id='line_1_17' title="bbox 348 2231 1516 2325; baseline 0.001 -26"><span class='ocrx_word' id='word_1_137' title='bbox 348 2239 391 2321; x_wconf 81' lang='grc' dir='ltr'>τῷ</span> <span class='ocrx_word' id='word_1_138' title='bbox 412 2242 521 2322; x_wconf 71' lang='grc' dir='ltr'>ποιητῇ</span> <span class='ocrx_word' id='word_1_139' title='bbox 545 2236 688 2324; x_wconf 72' lang='grc' dir='ltr'>λέγεσθαί</span> <span class='ocrx_word' id='word_1_140' title='bbox 710 2263 808 2325; x_wconf 82' lang='grc' dir='ltr'>φαμεν</span> <span class='ocrx_word' id='word_1_141' title='bbox 831 2234 900 2304; x_wconf 80' lang='grc' dir='ltr'>τόδε</span> <span class='ocrx_word' id='word_1_142' title='bbox 921 2265 959 2317; x_wconf 84' lang='grc' dir='ltr'>τι,</span> <span class='ocrx_word' id='word_1_143' title='bbox 986 2235 1040 2304; x_wconf 75' lang='grc' dir='ltr'>οὐκ</span> <span class='ocrx_word' id='word_1_144' title='bbox 1063 2233 1098 2304; x_wconf 70' lang='grc' dir='ltr'>ἂν</span> <span class='ocrx_word' id='word_1_145' title='bbox 1122 2235 1242 2311; x_wconf 79' lang='grc' dir='ltr'>οὐδενὸς</span> <span class='ocrx_word' id='word_1_146' title='bbox 1265 2231 1360 2304; x_wconf 77' lang='grc' dir='ltr'>ἄλλοι</span> <span class='ocrx_word' id='word_1_147' title='bbox 1382 2235 1458 2323; x_wconf 80' lang='grc' dir='ltr'>παρὰ</span> <span class='ocrx_word' id='word_1_148' title='bbox 1476 2232 1516 2300; x_wconf 68' lang='grc' dir='ltr'>τὸν</span> 
     </span>
     <span class='ocr_line' id='line_1_18' title="bbox 339 2332 1516 2428; baseline -0.002 -25"><span class='ocrx_word' id='word_1_149' title='bbox 339 2332 473 2425; x_wconf 87' lang='grc' dir='ltr'>Ὅμηρον</span> <span class='ocrx_word' id='word_1_150' title='bbox 497 2336 701 2424; x_wconf 75' lang='grc' dir='ltr'>ἀκουομένοο,</span> <span class='ocrx_word' id='word_1_151' title='bbox 733 2340 830 2406; x_wconf 85' lang='grc' dir='ltr'>καίτοι</span> <span class='ocrx_word' id='word_1_152' title='bbox 851 2336 952 2428; x_wconf 75' lang='grc' dir='ltr'>μύριοί</span> <span class='ocrx_word' id='word_1_153' title='bbox 973 2339 996 2428; x_wconf 88' lang='grc' dir='ltr'>γ’</span> <span class='ocrx_word' id='word_1_154' title='bbox 1023 2341 1097 2407; x_wconf 88' lang='grc' dir='ltr'>είσίν</span> <span class='ocrx_word' id='word_1_155' title='bbox 1121 2333 1210 2407; x_wconf 71' lang='grc' dir='ltr'>ἄλλοι</span> <span class='ocrx_word' id='word_1_156' title='bbox 1231 2341 1363 2426; x_wconf 87' lang='grc' dir='ltr'>ποιηταί.</span> <span class='ocrx_word' id='word_1_157' title='bbox 1402 2343 1516 2405; x_wconf 77' lang='grc' dir='ltr'>τοιοῦτον</span> 
     </span>
     <span class='ocr_line' id='line_1_19' title="bbox 348 2436 1513 2532; baseline -0.002 -26"><span class='ocrx_word' id='word_1_158' title='bbox 348 2436 377 2506; x_wconf 84' lang='grc' dir='ltr'>δ’</span> <span class='ocrx_word' id='word_1_159' title='bbox 404 2440 466 2507; x_wconf 86' lang='grc' dir='ltr'>ἐστί</span> <span class='ocrx_word' id='word_1_160' title='bbox 489 2441 540 2508; x_wconf 86' lang='grc' dir='ltr'>καὶ</span> <span class='ocrx_word' id='word_1_161' title='bbox 564 2438 596 2508; x_wconf 73' lang='lat' dir='ltr'>ri</span> <span class='ocrx_word' id='word_1_162' title='bbox 618 2441 702 2532; x_wconf 80' lang='grc' dir='ltr'>παρὰ</span> <span class='ocrx_word' id='word_1_163' title='bbox 729 2449 772 2530; x_wconf 79' lang='grc' dir='ltr'>τῷ</span> <span class='ocrx_word' id='word_1_164' title='bbox 798 2450 924 2532; x_wconf 84' lang='grc' dir='ltr'>κωμικῷ</span> <span class='ocrx_word' id='word_1_165' title='bbox 955 2443 1039 2510; x_wconf 77' lang='lat' dir='ltr'>“nnl</span> <span class='ocrx_word' id='word_1_166' title='bbox 1069 2441 1192 2510; x_wconf 80' lang='grc' dir='ltr'>σπάνιόν</span> <span class='ocrx_word' id='word_1_167' title='bbox 1222 2440 1277 2509; x_wconf 86' lang='grc' dir='ltr'>ἐστ’</span> <span class='ocrx_word' id='word_1_168' title='bbox 1312 2437 1463 2530; x_wconf 75' lang='grc' dir='ltr'>ἄνθρωπος</span> <span class='ocrx_word' id='word_1_169' title='bbox 1481 2437 1513 2506; x_wconf 72' lang='lat' dir='ltr'>‘dt&#39;</span> 
     </span>
    </p>
   </div>
   <div class='ocr_carea' id='block_1_7' title="bbox 348 2535 1609 2634">
    <p class='ocr_par' dir='ltr' id='par_1_7' title="bbox 348 2535 1609 2634">
     <span class='ocr_line' id='line_1_20' title="bbox 348 2535 1609 2634; baseline -0.004 -23"><span class='ocrx_word' id='word_1_170' title='bbox 348 2537 545 2633; x_wconf 74' lang='grc' dir='ltr'>ἄνθρωπος.”</span> <span class='ocrx_word' id='word_1_171' title='bbox 575 2542 625 2612; x_wconf 82' lang='grc' dir='ltr'>τὸν</span> <span class='ocrx_word' id='word_1_172' title='bbox 654 2544 711 2633; x_wconf 84' lang='grc' dir='ltr'>γὰρ</span> <span class='ocrx_word' id='word_1_173' title='bbox 741 2540 843 2633; x_wconf 80' lang='grc' dir='ltr'>ἄγριον</span> <span class='ocrx_word' id='word_1_174' title='bbox 872 2547 925 2613; x_wconf 83' lang='grc' dir='ltr'>καί</span> <span class='ocrx_word' id='word_1_175' title='bbox 952 2545 1002 2614; x_wconf 81' lang='grc' dir='ltr'>τὸν</span> <span class='ocrx_word' id='word_1_176' title='bbox 1031 2545 1169 2634; x_wconf 77' lang='grc' dir='ltr'>θηριώδη</span> <span class='ocrx_word' id='word_1_177' title='bbox 1198 2543 1247 2612; x_wconf 89' lang='grc' dir='ltr'>καί</span> <span class='ocrx_word' id='word_1_178' title='bbox 1274 2543 1324 2612; x_wconf 81' lang='grc' dir='ltr'>τὸν</span> <span class='ocrx_word' id='word_1_179' title='bbox 1351 2544 1468 2631; x_wconf 82' lang='grc' dir='ltr'>ἀνόητον</span> <span class='ocrx_word' id='word_1_180' title='bbox 1488 2541 1517 2607; x_wconf 80' lang='lat' dir='ltr'>ol</span> <span class='ocrx_word' id='word_1_181' title='bbox 1608 2535 1609 2558; x_wconf 31' lang='grc' dir='ltr'>ί</span> 
     </span>
    </p>
   </div>
   <div class='ocr_carea' id='block_1_8' title="bbox 348 2644 1518 3249">
    <p class='ocr_par' dir='ltr' id='par_1_8' title="bbox 348 2644 1518 3249">
     <span class='ocr_line' id='line_1_21' title="bbox 348 2644 1518 2738; baseline 0 -26"><span class='ocrx_word' id='word_1_182' title='bbox 348 2646 425 2713; x_wconf 82' lang='grc' dir='ltr'>κατὰ</span> <span class='ocrx_word' id='word_1_183' title='bbox 447 2646 500 2734; x_wconf 75' lang='grc' dir='ltr'>τὴν</span> <span class='ocrx_word' id='word_1_184' title='bbox 523 2644 685 2736; x_wconf 71' lang='grc' dir='ltr'>ἀνθρώπου</span> <span class='ocrx_word' id='word_1_185' title='bbox 701 2647 789 2736; x_wconf 79' lang='grc' dir='ltr'>φύσιν</span> <span class='ocrx_word' id='word_1_186' title='bbox 814 2646 958 2738; x_wconf 74' lang='grc' dir='ltr'>ὑπάρχειν</span> <span class='ocrx_word' id='word_1_187' title='bbox 975 2652 1144 2738; x_wconf 66' lang='grc' dir='ltr'>νομίζοντες</span> <span class='ocrx_word' id='word_1_188' title='bbox 1166 2647 1214 2714; x_wconf 83' lang='grc' dir='ltr'>ἐπὶ</span> <span class='ocrx_word' id='word_1_189' title='bbox 1234 2649 1301 2724; x_wconf 77' lang='grc' dir='ltr'>τοὺς</span> <span class='ocrx_word' id='word_1_190' title='bbox 1316 2651 1518 2737; x_wconf 75' lang='grc' dir='ltr'>κατορθοῦντας</span> 
     </span>
     <span class='ocr_line' id='line_1_22' title="bbox 348 2745 1517 2842; baseline -0.003 -26"><span class='ocrx_word' id='word_1_191' title='bbox 348 2753 380 2816; x_wconf 88' lang='grc' dir='ltr'>ἐν</span> <span class='ocrx_word' id='word_1_192' title='bbox 403 2757 439 2838; x_wconf 75' lang='grc' dir='ltr'>τη</span> <span class='ocrx_word' id='word_1_193' title='bbox 463 2749 552 2839; x_wconf 77' lang='grc' dir='ltr'>φύσει</span> <span class='ocrx_word' id='word_1_194' title='bbox 570 2750 606 2818; x_wconf 86' lang='grc' dir='ltr'>τὸ</span> <span class='ocrx_word' id='word_1_195' title='bbox 628 2745 724 2838; x_wconf 76' lang='grc' dir='ltr'>ὄνομα</span> <span class='ocrx_word' id='word_1_196' title='bbox 746 2754 888 2842; x_wconf 82' lang='grc' dir='ltr'>φέρομεν.</span> <span class='ocrx_word' id='word_1_197' title='bbox 922 2758 1031 2818; x_wconf 89' lang='lat' dir='ltr'>comici</span> <span class='ocrx_word' id='word_1_198' title='bbox 1054 2755 1174 2819; x_wconf 90' lang='lat' dir='ltr'>dictum</span> <span class='ocrx_word' id='word_1_199' title='bbox 1197 2775 1259 2818; x_wconf 92' lang='lat' dir='ltr'>non</span> <span class='ocrx_word' id='word_1_200' title='bbox 1283 2766 1369 2816; x_wconf 89' lang='lat' dir='ltr'>recte</span> <span class='ocrx_word' id='word_1_201' title='bbox 1384 2754 1517 2818; x_wconf 84' lang='lat' dir='ltr'>traditum</span> 
     </span>
     <span class='ocr_line' id='line_1_23' title="bbox 349 2857 1517 2939; baseline -0.003 -21"><span class='ocrx_word' id='word_1_202' title='bbox 349 2867 408 2936; x_wconf 87' lang='lat' dir='ltr'>est,</span> <span class='ocrx_word' id='word_1_203' title='bbox 434 2858 537 2938; x_wconf 83' lang='lat' dir='ltr'>culpe,</span> <span class='ocrx_word' id='word_1_204' title='bbox 563 2867 599 2919; x_wconf 93' lang='lat' dir='ltr'>ut</span> <span class='ocrx_word' id='word_1_205' title='bbox 620 2869 712 2939; x_wconf 86' lang='lat' dir='ltr'>puto,</span> <span class='ocrx_word' id='word_1_206' title='bbox 746 2878 808 2921; x_wconf 93' lang='lat' dir='ltr'>non</span> <span class='ocrx_word' id='word_1_207' title='bbox 833 2860 960 2938; x_wconf 78' lang='lat' dir='ltr'>Geloni,</span> <span class='ocrx_word' id='word_1_208' title='bbox 987 2859 1044 2922; x_wconf 91' lang='lat' dir='ltr'>sed</span> <span class='ocrx_word' id='word_1_209' title='bbox 1067 2859 1282 2920; x_wconf 82' lang='lat' dir='ltr'>librariorum.</span> <span class='ocrx_word' id='word_1_210' title='bbox 1317 2857 1517 2938; x_wconf 90' lang='lat' dir='ltr'>nequeenim</span> 
     </span>
     <span class='ocr_line' id='line_1_24' title="bbox 349 2959 1517 3043; baseline -0.003 -23"><span class='ocrx_word' id='word_1_211' title='bbox 349 2959 460 3021; x_wconf 90' lang='lat' dir='ltr'>dubito</span> <span class='ocrx_word' id='word_1_212' title='bbox 488 2961 630 3022; x_wconf 85' lang='lat' dir='ltr'>attulisse</span> <span class='ocrx_word' id='word_1_213' title='bbox 654 2961 806 3025; x_wconf 88' lang='lat' dir='ltr'>Gelenum</span> <span class='ocrx_word' id='word_1_214' title='bbox 830 2963 915 3043; x_wconf 92' lang='lat' dir='ltr'>quod</span> <span class='ocrx_word' id='word_1_215' title='bbox 944 2964 977 3024; x_wconf 91' lang='lat' dir='ltr'>in</span> <span class='ocrx_word' id='word_1_216' title='bbox 1007 2963 1206 3024; x_wconf 84' lang='lat' dir='ltr'>Monosticbis</span> <span class='ocrx_word' id='word_1_217' title='bbox 1235 2959 1398 3022; x_wconf 80' lang='lat' dir='ltr'>Menandri</span> <span class='ocrx_word' id='word_1_218' title='bbox 1419 2979 1447 3019; x_wconf 91' lang='grc' dir='ltr'>ν.</span> <span class='ocrx_word' id='word_1_219' title='bbox 1463 2959 1517 3017; x_wconf 75' lang='lat'>562</span> 
     </span>
     <span class='ocr_line' id='line_1_25' title="bbox 349 3051 1518 3149; baseline -0.001 -27"><span class='ocrx_word' id='word_1_220' title='bbox 349 3063 476 3142; x_wconf 84' lang='lat' dir='ltr'>legitur,</span> <span class='ocrx_word' id='word_1_221' title='bbox 503 3057 544 3134; x_wconf 81' lang='grc' dir='ltr'>ὡς</span> <span class='ocrx_word' id='word_1_222' title='bbox 565 3056 671 3147; x_wconf 81' lang='grc' dir='ltr'>χάριέν</span> <span class='ocrx_word' id='word_1_223' title='bbox 694 3059 750 3127; x_wconf 84' lang='grc' dir='ltr'>ἐστ’</span> <span class='ocrx_word' id='word_1_224' title='bbox 778 3055 935 3149; x_wconf 77' lang='grc' dir='ltr'>ἅνθρωπος</span> <span class='ocrx_word' id='word_1_225' title='bbox 957 3057 1028 3128; x_wconf 73' lang='grc' dir='ltr'>’ὅταν</span> <span class='ocrx_word' id='word_1_226' title='bbox 1052 3056 1209 3149; x_wconf 75' lang='grc' dir='ltr'>ἄνθρωπος</span> <span class='ocrx_word' id='word_1_227' title='bbox 1230 3051 1263 3147; x_wconf 71' lang='grc' dir='ltr'>γ’γ.</span> <span class='ocrx_word' id='word_1_228' title='bbox 1298 3063 1339 3126; x_wconf 92' lang='lat' dir='ltr'>de</span> <span class='ocrx_word' id='word_1_229' title='bbox 1361 3083 1420 3143; x_wconf 92' lang='lat' dir='ltr'>quo</span> <span class='ocrx_word' id='word_1_230' title='bbox 1434 3080 1518 3122; x_wconf 78' lang='lat' dir='ltr'>versu</span> 
     </span>
     <span class='ocr_line' id='line_1_26' title="bbox 349 3165 974 3249; baseline 0.006 -23"><span class='ocrx_word' id='word_1_231' title='bbox 349 3166 524 3228; x_wconf 84' lang='lat' dir='ltr'>bleinelius</span> <span class='ocrx_word' id='word_1_232' title='bbox 547 3165 627 3227; x_wconf 82' lang='lat' dir='ltr'>dixit</span> <span class='ocrx_word' id='word_1_233' title='bbox 651 3166 736 3228; x_wconf 89' lang='lat' dir='ltr'>Com.</span> <span class='ocrx_word' id='word_1_234' title='bbox 755 3177 778 3228; x_wconf 93' lang='lat' dir='ltr'>t.</span> <span class='ocrx_word' id='word_1_235' title='bbox 797 3187 826 3228; x_wconf 89' lang='grc' dir='ltr'>ιν</span> <span class='ocrx_word' id='word_1_236' title='bbox 848 3187 880 3249; x_wconf 92' lang='lat' dir='ltr'>p.</span> <span class='ocrx_word' id='word_1_237' title='bbox 900 3169 974 3230; x_wconf 75' lang='lat'>372.</span> 
     </span>
    </p>
   </div>
   <div class='ocr_carea' id='block_1_9' title="bbox 350 3277 1609 3471">
    <p class='ocr_par' dir='ltr' id='par_1_9' title="bbox 350 3277 1609 3471">
     <span class='ocr_line' id='line_1_27' title="bbox 436 3277 1609 3370; baseline -0.003 -23"><span class='ocrx_word' id='word_1_238' title='bbox 436 3286 594 3348; x_wconf 67' lang='lat' dir='ltr'>Cl&#39;ulleV.</span> <span class='ocrx_word' id='word_1_239' title='bbox 640 3285 689 3347; x_wconf 83' lang='lat' dir='ltr'>Ad</span> <span class='ocrx_word' id='word_1_240' title='bbox 711 3289 974 3350; x_wconf 86' lang='lat' dir='ltr'>Monostichorum</span> <span class='ocrx_word' id='word_1_241' title='bbox 995 3307 1025 3349; x_wconf 90' lang='lat' dir='ltr'>v.</span> <span class='ocrx_word' id='word_1_242' title='bbox 1045 3290 1118 3364; x_wconf 82' lang='lat'><strong>699,</strong></span> <span class='ocrx_word' id='word_1_243' title='bbox 1144 3289 1264 3350; x_wconf 83' lang='grc' dir='ltr'>πολλῶν</span> <span class='ocrx_word' id='word_1_244' title='bbox 1289 3285 1397 3370; x_wconf 80' lang='grc' dir='ltr'>ἰατρῶν</span> <span class='ocrx_word' id='word_1_245' title='bbox 1419 3277 1520 3354; x_wconf 78' lang='grc' dir='ltr'>εἴσοδός</span> <span class='ocrx_word' id='word_1_246' title='bbox 1608 3351 1609 3370; x_wconf 32' lang='grc' dir='ltr'>γ</span> 
     </span>
     <span class='ocr_line' id='line_1_28' title="bbox 350 3381 1609 3471; baseline -0.006 -20"><span class='ocrx_word' id='word_1_247' title='bbox 350 3382 376 3470; x_wconf 87' lang='grc' dir='ltr'>μ’</span> <span class='ocrx_word' id='word_1_248' title='bbox 404 3381 571 3465; x_wconf 82' lang='grc' dir='ltr'>ἀπώλεσεν,</span> <span class='ocrx_word' id='word_1_249' title='bbox 595 3390 735 3469; x_wconf 90' lang='lat' dir='ltr'>pertinet</span> <span class='ocrx_word' id='word_1_250' title='bbox 757 3391 842 3471; x_wconf 91' lang='lat' dir='ltr'>quod</span> <span class='ocrx_word' id='word_1_251' title='bbox 866 3392 985 3453; x_wconf 90' lang='lat' dir='ltr'>Plinius</span> <span class='ocrx_word' id='word_1_252' title='bbox 1008 3390 1103 3452; x_wconf 83' lang='lat' dir='ltr'>hebet</span> <span class='ocrx_word' id='word_1_253' title='bbox 1119 3392 1187 3452; x_wconf 84' lang='lat' dir='ltr'>Nat.</span> <span class='ocrx_word' id='word_1_254' title='bbox 1212 3391 1288 3452; x_wconf 88' lang='lat' dir='ltr'>hist.</span> <span class='ocrx_word' id='word_1_255' title='bbox 1305 3409 1374 3451; x_wconf 81' lang='lat' dir='ltr'>xxix</span> <span class='ocrx_word' id='word_1_256' title='bbox 1391 3391 1439 3468; x_wconf 80' lang='lat' dir='ltr'>ll,</span> <span class='ocrx_word' id='word_1_257' title='bbox 1459 3387 1521 3448; x_wconf 80' lang='lat' dir='ltr'>linc</span> <span class='ocrx_word' id='word_1_258' title='bbox 1608 3395 1609 3420; x_wconf 54' lang='grc' dir='ltr'>ί</span> 
     </span>
    </p>
   </div>
   <div class='ocr_carea' id='block_1_10' title="bbox 350 3491 1521 3574">
    <p class='ocr_par' dir='ltr' id='par_1_10' title="bbox 350 3491 1521 3574">
     <span class='ocr_line' id='line_1_29' title="bbox 350 3491 1521 3574; baseline -0.002 -22"><span class='ocrx_word' id='word_1_259' title='bbox 350 3493 421 3553; x_wconf 83' lang='lat' dir='ltr'>illue</span> <span class='ocrx_word' id='word_1_260' title='bbox 443 3493 527 3552; x_wconf 86' lang='lat' dir='ltr'>circo</span> <span class='ocrx_word' id='word_1_261' title='bbox 549 3510 656 3574; x_wconf 77' lang='lat' dir='ltr'>oepros</span> <span class='ocrx_word' id='word_1_262' title='bbox 679 3494 810 3554; x_wconf 82' lang='lat' dir='ltr'>miserae</span> <span class='ocrx_word' id='word_1_263' title='bbox 831 3496 1051 3556; x_wconf 76' lang='lat' dir='ltr'>sententio-enm</span> <span class='ocrx_word' id='word_1_264' title='bbox 1073 3494 1319 3569; x_wconf 85' lang='lat' dir='ltr'>concerto-tiones,</span> <span class='ocrx_word' id='word_1_265' title='bbox 1353 3493 1433 3554; x_wconf 82' lang='lat' dir='ltr'>nullo</span> <span class='ocrx_word' id='word_1_266' title='bbox 1454 3491 1521 3551; x_wconf 81' lang='lat' dir='ltr'>iden</span> 
     </span>
    </p>
   </div>
   <div class='ocr_carea' id='block_1_11' title="bbox 349 3594 1523 3676">
    <p class='ocr_par' dir='ltr' id='par_1_11' title="bbox 349 3594 1523 3676">
     <span class='ocr_line' id='line_1_30' title="bbox 349 3594 1523 3676; baseline -0.004 -20"><span class='ocrx_word' id='word_1_267' title='bbox 349 3603 485 3656; x_wconf 74' lang='lat' dir='ltr'>cernente</span> <span class='ocrx_word' id='word_1_268' title='bbox 507 3612 544 3654; x_wconf 90' lang='lat' dir='ltr'>ne</span> <span class='ocrx_word' id='word_1_269' title='bbox 565 3595 708 3656; x_wconf 82' lang='lat' dir='ltr'>videntur</span> <span class='ocrx_word' id='word_1_270' title='bbox 730 3598 860 3658; x_wconf 75' lang='lat' dir='ltr'>accessio</span> <span class='ocrx_word' id='word_1_271' title='bbox 876 3597 1025 3672; x_wconf 67' lang='lat' dir='ltr'>etcertum</span> <span class='ocrx_word' id='word_1_272' title='bbox 1048 3597 1118 3658; x_wconf 82' lang='lat' dir='ltr'>binc</span> <span class='ocrx_word' id='word_1_273' title='bbox 1141 3597 1196 3658; x_wconf 85' lang='lat' dir='ltr'>illc</span> <span class='ocrx_word' id='word_1_274' title='bbox 1218 3595 1334 3676; x_wconf 73' lang='lat' dir='ltr'>inseiis</span> <span class='ocrx_word' id='word_1_275' title='bbox 1356 3594 1523 3656; x_wconf 79' lang='lat' dir='ltr'>monumenti</span> 
     </span>
    </p>
   </div>
   <div class='ocr_carea' id='block_1_12' title="bbox 298 3696 1539 4604">
    <p class='ocr_par' dir='ltr' id='par_1_12' title="bbox 298 3696 1539 4604">
     <span class='ocr_line' id='line_1_31' title="bbox 350 3696 1523 3780; baseline -0.002 -22"><span class='ocrx_word' id='word_1_276' title='bbox 350 3697 517 3778; x_wconf 82' lang='lat' dir='ltr'>inscriptio,</span> <span class='ocrx_word' id='word_1_277' title='bbox 544 3696 637 3758; x_wconf 83' lang='lat' dir='ltr'>turbe</span> <span class='ocrx_word' id='word_1_278' title='bbox 658 3717 691 3759; x_wconf 86' lang='lat' dir='ltr'>se</span> <span class='ocrx_word' id='word_1_279' title='bbox 712 3698 896 3760; x_wconf 80' lang='lat' dir='ltr'>medicorum</span> <span class='ocrx_word' id='word_1_280' title='bbox 915 3702 1043 3780; x_wconf 82' lang='lat' dir='ltr'>perisse.</span> <span class='ocrx_word' id='word_1_281' title='bbox 1092 3700 1199 3780; x_wconf 83' lang='lat' dir='ltr'>inepta</span> <span class='ocrx_word' id='word_1_282' title='bbox 1220 3701 1318 3761; x_wconf 91' lang='lat' dir='ltr'>unius</span> <span class='ocrx_word' id='word_1_283' title='bbox 1342 3698 1414 3760; x_wconf 90' lang='lat' dir='ltr'>libri</span> <span class='ocrx_word' id='word_1_284' title='bbox 1437 3715 1523 3758; x_wconf 84' lang='lat' dir='ltr'>vene-</span> 
     </span>
     <span class='ocr_line' id='line_1_32' title="bbox 298 3799 1523 3883; baseline 0.002 -24"><span class='ocrx_word' id='word_1_285' title='bbox 298 3827 300 3830; x_wconf 95' lang='lat'>·</span> <span class='ocrx_word' id='word_1_286' title='bbox 351 3801 471 3861; x_wconf 83' lang='lat' dir='ltr'>ratione</span> <span class='ocrx_word' id='word_1_287' title='bbox 495 3817 599 3880; x_wconf 91' lang='lat' dir='ltr'>nuper</span> <span class='ocrx_word' id='word_1_288' title='bbox 622 3799 667 3861; x_wconf 90' lang='lat' dir='ltr'>ibi</span> <span class='ocrx_word' id='word_1_289' title='bbox 689 3804 889 3863; x_wconf 80' lang='lat' dir='ltr'>monumentis</span> <span class='ocrx_word' id='word_1_290' title='bbox 911 3804 1064 3883; x_wconf 88' lang='lat' dir='ltr'>scriptum</span> <span class='ocrx_word' id='word_1_291' title='bbox 1088 3812 1146 3864; x_wconf 90' lang='lat' dir='ltr'>est.</span> <span class='ocrx_word' id='word_1_292' title='bbox 1180 3801 1321 3864; x_wconf 81' lang='lat' dir='ltr'>Graecus</span> <span class='ocrx_word' id='word_1_293' title='bbox 1342 3813 1523 3864; x_wconf 66' lang='lat' dir='ltr'>amenter-</span> 
     </span>
     <span class='ocr_line' id='line_1_33' title="bbox 350 3898 1520 3989; baseline 0 -27"><span class='ocrx_word' id='word_1_294' title='bbox 350 3903 469 3963; x_wconf 89' lang='lat' dir='ltr'>siculus</span> <span class='ocrx_word' id='word_1_295' title='bbox 496 3903 539 3963; x_wconf 86' lang='lat' dir='ltr'>ita</span> <span class='ocrx_word' id='word_1_296' title='bbox 560 3903 751 3966; x_wconf 91' lang='lat' dir='ltr'>scribendus</span> <span class='ocrx_word' id='word_1_297' title='bbox 774 3913 839 3983; x_wconf 89' lang='lat' dir='ltr'>est,</span> <span class='ocrx_word' id='word_1_298' title='bbox 871 3907 990 3968; x_wconf 86' lang='grc' dir='ltr'>πολλῶν</span> <span class='ocrx_word' id='word_1_299' title='bbox 1022 3905 1130 3989; x_wconf 87' lang='grc' dir='ltr'>ἰατρῶν</span> <span class='ocrx_word' id='word_1_300' title='bbox 1159 3899 1275 3967; x_wconf 79' lang='grc' dir='ltr'>εἴσοδοί</span> <span class='ocrx_word' id='word_1_301' title='bbox 1303 3900 1331 3987; x_wconf 90' lang='grc' dir='ltr'>μ’</span> <span class='ocrx_word' id='word_1_302' title='bbox 1364 3898 1520 3967; x_wconf 84' lang='grc' dir='ltr'>ἀπώλεσαν.</span> 
     </span>
     <span class='ocr_line' id='line_1_34' title="bbox 350 4004 1523 4087; baseline 0.005 -23"><span class='ocrx_word' id='word_1_303' title='bbox 350 4023 423 4065; x_wconf 81' lang='lat' dir='ltr'>nam</span> <span class='ocrx_word' id='word_1_304' title='bbox 440 4025 511 4068; x_wconf 91' lang='lat' dir='ltr'>cum</span> <span class='ocrx_word' id='word_1_305' title='bbox 534 4004 699 4086; x_wconf 84' lang='lat' dir='ltr'>Euripidis</span> <span class='ocrx_word' id='word_1_306' title='bbox 722 4007 800 4068; x_wconf 83' lang='lat' dir='ltr'>haec</span> <span class='ocrx_word' id='word_1_307' title='bbox 823 4009 887 4070; x_wconf 90' lang='lat' dir='ltr'>sint</span> <span class='ocrx_word' id='word_1_308' title='bbox 909 4009 942 4069; x_wconf 91' lang='lat' dir='ltr'>in</span> <span class='ocrx_word' id='word_1_309' title='bbox 964 4008 1184 4070; x_wconf 78' lang='lat' dir='ltr'>Andromache</span> <span class='ocrx_word' id='word_1_310' title='bbox 1207 4027 1238 4068; x_wconf 92' lang='lat' dir='ltr'>v.</span> <span class='ocrx_word' id='word_1_311' title='bbox 1259 4009 1333 4086; x_wconf 77' lang='lat'>9³0,</span> <span class='ocrx_word' id='word_1_312' title='bbox 1359 4007 1450 4070; x_wconf 85' lang='grc' dir='ltr'>κακῶν</span> <span class='ocrx_word' id='word_1_313' title='bbox 1470 4027 1523 4087; x_wconf 80' lang='grc' dir='ltr'>γν-</span> 
     </span>
     <span class='ocr_line' id='line_1_35' title="bbox 350 4101 1523 4193; baseline -0.001 -25"><span class='ocrx_word' id='word_1_314' title='bbox 350 4110 461 4168; x_wconf 87' lang='grc' dir='ltr'>ναικῶν</span> <span class='ocrx_word' id='word_1_315' title='bbox 485 4104 596 4170; x_wconf 83' lang='grc' dir='ltr'>εἴσοδοί</span> <span class='ocrx_word' id='word_1_316' title='bbox 619 4101 645 4190; x_wconf 86' lang='grc' dir='ltr'>μ’</span> <span class='ocrx_word' id='word_1_317' title='bbox 673 4103 845 4188; x_wconf 81' lang='grc' dir='ltr'>ἀπώλεσαν,</span> <span class='ocrx_word' id='word_1_318' title='bbox 871 4131 933 4172; x_wconf 92' lang='lat' dir='ltr'>non</span> <span class='ocrx_word' id='word_1_319' title='bbox 958 4111 1154 4192; x_wconf 83' lang='lat' dir='ltr'>intellegitur</span> <span class='ocrx_word' id='word_1_320' title='bbox 1183 4129 1242 4172; x_wconf 88' lang='lat' dir='ltr'>eur</span> <span class='ocrx_word' id='word_1_321' title='bbox 1270 4114 1328 4191; x_wconf 89' lang='lat' dir='ltr'>qui</span> <span class='ocrx_word' id='word_1_322' title='bbox 1351 4109 1450 4193; x_wconf 87' lang='lat' dir='ltr'>lepide</span> <span class='ocrx_word' id='word_1_323' title='bbox 1471 4107 1523 4168; x_wconf 86' lang='lat' dir='ltr'>de-</span> 
     </span>
     <span class='ocr_line' id='line_1_36' title="bbox 350 4211 1523 4295; baseline 0.002 -27"><span class='ocrx_word' id='word_1_324' title='bbox 350 4211 440 4270; x_wconf 88' lang='lat' dir='ltr'>torsit</span> <span class='ocrx_word' id='word_1_325' title='bbox 469 4211 608 4273; x_wconf 87' lang='lat' dir='ltr'>uoluerit</span> <span class='ocrx_word' id='word_1_326' title='bbox 636 4231 764 4274; x_wconf 85' lang='lat' dir='ltr'>servare</span> <span class='ocrx_word' id='word_1_327' title='bbox 794 4214 949 4294; x_wconf 86' lang='lat' dir='ltr'>pluralem</span> <span class='ocrx_word' id='word_1_328' title='bbox 983 4233 1163 4276; x_wconf 90' lang='lat' dir='ltr'>numerum.</span> <span class='ocrx_word' id='word_1_329' title='bbox 1210 4215 1377 4295; x_wconf 88' lang='lat' dir='ltr'>Euripidis</span> <span class='ocrx_word' id='word_1_330' title='bbox 1408 4229 1523 4273; x_wconf 80' lang='lat' dir='ltr'>versum</span> 
     </span>
     <span class='ocr_line' id='line_1_37' title="bbox 351 4311 1522 4396; baseline 0.003 -25"><span class='ocrx_word' id='word_1_331' title='bbox 351 4322 502 4373; x_wconf 85' lang='lat' dir='ltr'>memorat</span> <span class='ocrx_word' id='word_1_332' title='bbox 532 4314 741 4395; x_wconf 82' lang='lat' dir='ltr'>Hieronymus</span> <span class='ocrx_word' id='word_1_333' title='bbox 777 4316 931 4379; x_wconf 82' lang='lat' dir='ltr'>adversus</span> <span class='ocrx_word' id='word_1_334' title='bbox 966 4319 1161 4378; x_wconf 84' lang='lat' dir='ltr'>Iovinianum</span> <span class='ocrx_word' id='word_1_335' title='bbox 1192 4319 1283 4394; x_wconf 70' lang='lat'>148,</span> <span class='ocrx_word' id='word_1_336' title='bbox 1316 4328 1340 4379; x_wconf 85' lang='lat' dir='ltr'>t.</span> <span class='ocrx_word' id='word_1_337' title='bbox 1375 4337 1396 4378; x_wconf 91' lang='grc' dir='ltr'>ιι</span> <span class='ocrx_word' id='word_1_338' title='bbox 1417 4336 1445 4396; x_wconf 91' lang='lat' dir='ltr'>p.</span> <span class='ocrx_word' id='word_1_339' title='bbox 1465 4311 1522 4374; x_wconf 85' lang='grc' dir='ltr'>3ίῖ</span> 
     </span>
     <span class='ocr_line' id='line_1_38' title="bbox 349 4413 1539 4504; baseline 0.002 -31"><span class='ocrx_word' id='word_1_340' title='bbox 349 4413 443 4492; x_wconf 78' lang='lat' dir='ltr'>vall,</span> <span class='ocrx_word' id='word_1_341' title='bbox 469 4421 546 4476; x_wconf 81' lang='lat' dir='ltr'>totae</span> <span class='ocrx_word' id='word_1_342' title='bbox 561 4417 721 4498; x_wconf 75' lang='lat' dir='ltr'>Euripidis</span> <span class='ocrx_word' id='word_1_343' title='bbox 744 4420 917 4500; x_wconf 76' lang='lat' dir='ltr'>trnpoediae</span> <span class='ocrx_word' id='word_1_344' title='bbox 941 4422 971 4480; x_wconf 89' lang='lat' dir='ltr'>in</span> <span class='ocrx_word' id='word_1_345' title='bbox 994 4421 1138 4481; x_wconf 77' lang='lat' dir='ltr'>niolieres</span> <span class='ocrx_word' id='word_1_346' title='bbox 1161 4421 1323 4484; x_wconf 82' lang='lat' dir='ltr'>rnoledicto</span> <span class='ocrx_word' id='word_1_347' title='bbox 1344 4428 1423 4483; x_wconf 76' lang='lat' dir='ltr'>stent.</span> <span class='ocrx_word' id='word_1_348' title='bbox 1451 4415 1539 4504; x_wconf 14' lang='lat' dir='ltr'>ende*</span> 
     </span>
     <span class='ocr_line' id='line_1_39' title="bbox 350 4519 1486 4604; baseline 0.004 -28"><span class='ocrx_word' id='word_1_349' title='bbox 350 4524 378 4577; x_wconf 85' lang='lat' dir='ltr'>et</span> <span class='ocrx_word' id='word_1_350' title='bbox 400 4519 562 4578; x_wconf 87' lang='lat' dir='ltr'>Hermione</span> <span class='ocrx_word' id='word_1_351' title='bbox 585 4519 719 4600; x_wconf 77' lang='lat' dir='ltr'>loquitor·</span> <span class='ocrx_word' id='word_1_352' title='bbox 746 4522 908 4583; x_wconf 73' lang='lat' dir='ltr'>‘neniarum</span> <span class='ocrx_word' id='word_1_353' title='bbox 934 4541 979 4584; x_wconf 91' lang='lat' dir='ltr'>me</span> <span class='ocrx_word' id='word_1_354' title='bbox 1001 4523 1165 4584; x_wconf 73' lang='lat' dir='ltr'>nioliernm</span> <span class='ocrx_word' id='word_1_355' title='bbox 1188 4523 1330 4604; x_wconf 84' lang='lat' dir='ltr'>decepere</span> <span class='ocrx_word' id='word_1_356' title='bbox 1345 4519 1486 4586; x_wconf 58' lang='lat' dir='ltr'>consilio)</span> 
     </span>
    </p>
   </div>
   <div class='ocr_carea' id='block_1_13' title="bbox 0 0 1633 5130">
    <p class='ocr_par' dir='ltr' id='par_1_13' title="bbox 0 0 1633 5130">
     <span class='ocr_line' id='line_1_40' title="bbox 0 0 1633 5130; baseline 0 0"><span class='ocrx_word' id='word_1_357' title='bbox 0 0 1633 5130; x_wconf 95' lang='lat' dir='ltr'> </span> 
     </span>
    </p>
   </div>
  </div>
 </body>
</html>
