3178 5136
577 380 681 441 Venta.
1146 367 1217 437 507

54 571 137 648 sulae,
160 568 216 632 sed
238 586 256 628 a
279 567 358 630 deae
380 569 518 629 nomine.
566 568 669 628 rarius
691 576 796 630 autem
819 586 836 628 a
860 569 960 646 poetis
984 569 1101 630 Latinis
1116 577 1221 630 trans-

56 673 141 734 fertur
166 689 279 734 nomen
310 669 390 732 illud
413 671 548 751 Cythera
575 668 616 730 ad
639 668 729 732 deam
754 669 952 750 cytheream.
999 689 1105 750 neque
1135 671 1221 732 enim

56 774 141 836 habeo
162 775 229 837 eius
251 772 370 836 abusus
392 773 536 853 exempla
557 783 612 834 aut
633 773 725 852 plura
747 780 802 833 aut
822 773 1000 852 antiquiora
1023 791 1117 854 quam
1140 790 1221 852 quae

55 876 170 938 subieci.
216 877 333 956 legitur
356 875 480 956 Gptbere
503 874 580 936 deae
604 893 719 936 nomen
741 873 828 954 apud
843 871 1015 937 Ausonium
1040 877 1147 956 Epigr.
1166 877 1219 936 39.
1273 905 1279 917 ·

55 979 99 1041 67.
123 981 198 1056 tot,
223 981 256 1040 in
284 979 452 1059 Reposiaui
476 977 652 1040 Concubitu
673 979 780 1040 Martis
808 987 840 1039 et
861 979 993 1040 Veneris
1017 997 1046 1038 v.
1073 977 1123 1038 77.
1147 979 1219 1056 772,

55 1085 82 1144 77
106 1081 285 1163 Authologia
312 1081 484 1144 Burmanni
508 1081 585 1142 726.
611 1098 644 1141 ιιι
667 1079 747 1158 276,
778 1079 864 1160 apud
886 1079 1100 1161 Apollinarem
1131 1081 1223 1142 Sido-

55 1188 130 1246 nium
152 1204 180 1246 ιι
195 1186 214 1244 8
231 1205 262 1266 p.
282 1186 321 1244 98
346 1184 455 1262 Sirm,
480 1183 566 1263 apud
588 1184 774 1246 blaniacum
798 1183 955 1264 Capellam
980 1203 1007 1244 ιιι
1030 1203 1062 1263 p.
1080 1184 1140 1243 370
1165 1184 1221 1245 Gr.

55 1289 185 1350 similiter
207 1280 336 1370 Kallq'pq
361 1296 393 1347 et
416 1280 541 1369 Koilipq
571 1286 814 1366 frequentantur
842 1303 859 1346 a
889 1296 1064 1366 postremae
1088 1287 1223 1347 maxime

55 1392 152 1452 7777777
174 1391 275 1471 poetis
298 1389 436 1450 Graecis.
484 1387 601 1451 habent
623 1383 753 1474 Κυθήρη
775 1387 928 1450 Ablabius
950 1389 1105 1450 lllustrius
1125 1386 1221 1449 Anth.

56 1493 108 1554 Pal.
124 1511 152 1554 ιι
167 1491 241 1572 762,
268 1491 406 1554 lulianus
429 1489 602 1572 Aegyptius
624 1510 652 1552 ιι
670 1491 708 1552 79
732 1502 764 1553 77
785 1501 808 1553 7.
827 1510 849 1553 ιι
865 1512 897 1573 p.
917 1492 995 1569 678,
1021 1510 1133 1554 versus
1154 1491 1224 1552 l’la·

55 1597 110 1654 toni
125 1598 229 1658 nescio
244 1597 295 1656 cui
310 1594 460 1674 adscripti
477 1603 499 1655 t.
518 1613 539 1656 ιι
555 1615 587 1674 p.
607 1595 678 1668 689,
706 1596 897 1676 epigramma
920 1588 1082 1656 ἀδέσποτον
1102 1613 1131 1655 ur
1147 1595 1220 1654 666.

56 1691 164 1769 Βιθυνὶς
193 1693 334 1781 Κυθέρη,
368 1697 511 1757 mulieris
539 1715 672 1776 nomeu,
704 1707 752 1760 est
779 1699 812 1758 in
842 1698 1067 1777 epigrammate
1096 1715 1125 1757 ιι
1147 1698 1220 1774 209,

56 1800 128 1878 quod
148 1799 313 1881 Antipatro
336 1798 487 1862 tribuitur
509 1818 572 1862 nou
593 1799 701 1860 addito
722 1803 843 1880 patriae
872 1800 1010 1860 nomine.
1058 1799 1091 1860 in
1113 1801 1225 1878 primis

56 1905 191 1966 usitatum
226 1912 274 1964 est
302 1895 431 1986 Κυθήρη
462 1902 669 1981 scriptoribus
698 1899 1000 1981 Anacreonteorum,
1032 1900 1116 1982 apud
1147 1919 1226 1980 quos

56 2006 158 2086 legitur
185 2006 275 2067 379.
309 2007 417 2066 7777.
451 2005 559 2066 7527.
593 2005 703 2064 7675.
737 2004 825 2066 277.
858 2005 897 2064 33
923 2005 953 2064 7.
985 2005 1025 2064 36
1051 2007 1080 2066 6.
1114 2005 1148 2065 77
1173 2005 1222 2064 77.

55 2109 88 2168 59
103 2097 161 2170 23.Ι
208 2108 293 2172 idem
322 2107 442 2170 babent
470 2108 502 2167 in
531 2107 706 2188 appendice
729 2093 905 2188 Berglriana
933 2108 1065 2170 loannes
1087 2107 1267 2170 Gauaeusae

56 2212 112 2272 att.
137 2213 225 2274 727.
251 2211 339 2273 526.
365 2213 431 2288 67,
458 2210 679 2274 Constantinus
704 2211 715 2270 7
737 2212 789 2270 87.
816 2212 881 2288 22,
907 2207 1080 2272 Aooluthus
1103 2229 1133 2270 v.
1153 2212 1172 2270 9
1196 2219 1228 2271 et

55 2316 229 2396 saepissime
253 2313 421 2394 Georgius,
454 2323 503 2375 ter
533 2312 672 2392 denique
694 2311 945 2376 Anacreonteum
977 2332 1104 2375 carmen
1127 2312 1229 2374 Theo-

56 2419 124 2479 crito
145 2419 219 2480 olim
242 2418 349 2497 inepte
372 2415 568 2479 attributum.
616 2410 747 2501 Κυθήρη
770 2418 869 2479 semel
903 2425 949 2478 est
977 2415 1063 2496 apud
1085 2417 1229 2478 Nonnum

56 2539 105 2582 ιιιι
121 2521 193 2598 383,
219 2518 278 2582 sed
300 2537 395 2600 saepe
419 2518 559 2580 inlibris
581 2519 637 2599 qui
652 2521 847 2581 Manethonis
868 2538 981 2582 nomen
998 2529 1123 2598 gerunt,
1149 2518 1227 2580 1l8.

58 2640 75 2681 u
88 2623 158 2682 273.
184 2639 216 2682 ιιι
235 2623 306 2682 776.
333 2641 363 2683 ιι
378 2623 452 2683 361.
472 2621 545 2681 678.
572 2620 645 2684 723.
671 2631 737 2684 tum
761 2616 884 2707 Κυθέρη
908 2640 930 2682 ιι
953 2622 1026 2682 232.
1054 2623 1127 2682 too.
1154 2619 1227 2680 777.

57 2743 84 2785 ιιι
99 2725 148 2786 73.
180 2745 210 2788 ιι
236 2726 307 2786 726.
333 2725 407 2788 597.
432 2744 462 2786 ιι
483 2722 557 2786 376.
585 2725 658 2785 797.
690 2724 763 2783 687.
811 2724 885 2785 hine
913 2719 1101 2808 Κυθορηίδος
1124 2717 1231 2805 αἴγλης

56 2847 81 2889 ιι
94 2830 164 2890 267.
213 2820 342 2911 Κυθήρη
366 2837 413 2888 est
442 2829 475 2886 in
498 2827 696 2909 Cynegeticis
725 2827 803 2886 739.
829 2828 903 2888 238.
950 2827 1162 2908 praeteream
1187 2827 1233 2886 ri-

57 2929 149 2993 diculo
172 2929 373 3011 epithalamio
396 2929 481 3010 quod
503 2931 658 2992 Luciacus
681 2930 713 2989 in
737 2927 887 2990 Convivia
909 2949 978 3010 cap.
1004 2930 1038 2991 77
1068 2927 1159 2990 finxit
1182 2928 1232 2989 hia

56 3043 98 3094 est
119 3033 311 3108 versiculus,
344 3029 477 3115 κρέσσων
500 3034 552 3115 τῆς
575 3027 716 3116 Κυθέρης
745 3024 915 3116 ἠδ’ἐρατῆς
932 3027 1074 3116 Ἑλένης.
1120 3031 1232 3092 borum

57 3135 145 3214 igitur
165 3135 306 3196 omnium
329 3135 408 3196 nihil
431 3135 586 3214 estquod
608 3135 769 3214 antiquius
798 3136 839 3196 sit
860 3135 959 3197 altero
981 3145 1050 3215 post
1073 3134 1232 3197 Christum

57 3239 182 3315 saeculo,
208 3238 361 3317 pleraque
383 3235 424 3298 ad
445 3238 556 3298 ultima
572 3237 709 3299 Graecae
732 3238 837 3317 poesis
859 3247 1001 3319 tempora
1016 3235 1228 3319 pertinent*).

57 3339 107 3402 sed
129 3359 226 3402 unum
250 3350 355 3402 tamen
385 3349 560 3402 monstrare
590 3359 717 3420 possum
742 3349 866 3419 poetam
897 3342 993 3402 multo
1021 3341 1233 3420 antiquiorem

137 3632 158 3693 *J
180 3629 317 3698 [liepperit
333 3633 374 3682 bie
391 3634 494 3694 seriptis
514 3631 642 3694 llareptiree
660 3631 807 3692 eaerapirem
818 3631 924 3693 reliquie
940 3631 1056 3693 (praeter
1068 3630 1235 3692 Antipatrum

59 3719 126 3766 777777
143 3720 210 3768 ratio
225 3717 316 3780 paullo
334 3716 387 3766 7777
406 3722 451 3778 esti
473 3723 497 3768 77
514 3719 645 3781 antiquina
663 3722 687 3768 77
705 3720 782 3768 certia
800 3723 943 3780 teenporum
957 3717 1051 3780 77777777
1069 3719 1235 3766 eiroamreri-

57 3805 139 3862 pium‚·
162 3808 200 3853 777
222 3803 293 3864 apud
316 3801 523 3853 Andromacham
546 3806 574 3853 in
600 3801 894 3871 (lamentantium
919 3796 1039 3868 ceipene<
1058 3799 1084 3858 ἐς
1102 3795 1232 3869 Κυθέρην.

60 3886 150 3938 677777
172 3893 259 3938 antem
278 3889 377 3938 Neroni
399 3889 525 3949 inscripta
544 3893 591 3939 eet.
628 3891 767 3950 praeterea
790 3889 889 3938 monuit
911 3899 963 3935 non
980 3891 1115 3950 suppetere
1133 3889 1235 3937 omnino

59 3975 182 4034 7777777777
207 3973 355 4035 7777777777
372 3966 494 4042 lomene
517 3975 628 4023 neminie
649 3986 698 4036 per
715 3975 898 4035 aretonmrtimn
912 3974 999 4034 positi.
1037 3965 1179 4041 Κυθέρειαν
1197 3973 1235 4022 777

59 4057 147 4108 7777777
163 4072 217 4110 7777
235 4059 390 4121 aliquotiens
403 4061 431 4108 in
443 4061 596 4122 cenopolim
608 4062 632 4109 et
644 4059 714 4120 apud
727 4058 864 4108 Musaeum
876 4060 935 4118 989,
956 4051 1087 4126 Kuiielpqe
1107 4071 1165 4120 mn.
1180 4071 1188 4106 1
1202 4060 1234 4106 99

59 4145 80 4190 77
98 4145 155 4194 tea.
174 4149 266 4194 contra
283 4137 383 4211 Κύπριν
402 4143 478 4208 valeo
495 4147 533 4196 ita
551 4145 601 4196 aiei
618 4145 677 4194 inde
695 4157 712 4193 a
730 4145 845 4206 tropicis,
864 4145 944 4194 veluti
957 4141 1078 4210 Sopboole
1094 4143 1158 4208 [pm.
1175 4146 1233 4202 789,

23 4209 30 4224 ’
60 4227 152 4278 lenaeo
167 4229 230 4293 [pm.
246 4233 270 4290 o,
293 4229 430 4292 Euripidm
448 4224 601 4298 Ἀφροδὶιην
619 4231 679 4280 inae
696 4229 841 4279 aPineiaro
852 4229 885 4280 ol.
902 4231 916 4277 6
930 4233 962 4280 99
975 4233 999 4279 77
1013 4228 1163 4292 empedocle
1173 4233 1233 4280 979.

59 4313 123 4372 amet
141 4314 267 4365 limnanoe
286 4315 468 4365 creberrimam
486 4328 540 4366 7777
559 4315 679 4365 Venerem
694 4328 743 4377 per
760 4315 942 4376 metonymiam
960 4315 1055 4364 dietam
1072 4316 1131 4366 inde
1147 4329 1164 4364 a
1183 4316 1236 4366 777-

58 4399 140 4450 cretio.
175 4413 233 4450 eam
249 4413 312 4450 cero
328 4403 392 4451 satir
410 4401 536 4451 77777777·
551 4401 592 4450 777
609 4413 723 4451 veneres
741 4401 966 4462 emimentem,
986 4413 1067 4462 neque
1085 4401 1237 4451 absimiliter

61 4483 165 4534 7777777777
181 4499 236 4537 eree
255 4486 417 4548 Propertium
430 4499 457 4534 ιιι
472 4489 502 4536 77
517 4483 559 4553 7.]
