3178 5136
574 384 679 444 Vnum.
1143 365 1216 438 493

123 578 251 668 άκαπνιι,
276 589 372 673 νεκρῷ
395 581 501 672 σχεδὸν
524 577 596 650 άντι.
632 581 698 671 περί
719 578 799 671 ώραν
821 574 874 650 ούν
898 577 1091 671 ἀλεκτρυόνος
1108 577 1219 672 ἤρξατο

123 689 282 768 κινεῖσθαι,
306 687 386 776 ἔχων
410 687 443 752 δὲ
465 689 497 752 ἐν
519 693 562 775 τῷ
586 687 695 775 βουτίῳ
714 685 852 772 ἔντρυχον
879 687 1011 751 κονδῖτον
1041 684 1092 751 καί
1113 683 1218 773 ἐπειδὴ

67 803 94 852 35
121 787 243 878 τρώγειν
265 787 320 856 ούκ
342 787 472 877 ἠδύνατο
494 785 565 856 otti
587 794 708 874 κινῆσαι
728 784 781 862 τάς
804 784 956 874 σιαγόνας,
986 782 1091 876 ἄρτους
1113 791 1218 855 uotiu-

124 890 188 979 ρούς
211 892 354 980 ἐμβρέξας
375 895 419 967 εἰς
449 888 538 959 αύτδν
561 887 749 978 ἀνακειμένῳ
767 887 954 979 ἐγχυμάτισα
979 891 1084 978 τρίτον.
1124 885 1161 957 ἐν
1185 893 1218 958 δέ

122 995 171 1062 καί
202 989 314 1062 άκοπον
337 991 486 1068 σκευάσας
513 995 634 1082 ἐμαυτῷ
662 992 712 1060 διὰ
738 991 860 1068 τούτους
886 990 954 1068 τούς
981 1000 1133 1082 χειμῶνας
1160 993 1218 1062 ἀπὸ

122 1103 175 1164 τῶν
206 1095 306 1164 ἁπλῶν
336 1095 520 1187 φαρμάκων,
554 1092 627 1184 άπερ
658 1093 809 1171 ἀναλύσας
838 1097 931 1185 ἐλαίῳ
950 1094 1092 1185 Κυπρίνῳ
1110 1097 1219 1185 ἔχρισα

121 1198 169 1266 τὸν
191 1199 290 1284 ἵππον,
324 1204 423 1289 ίδροῦν
449 1225 481 1266 τε
510 1195 600 1274 attic
628 1193 737 1286 ἤρξατο
765 1199 817 1265 καί
844 1201 993 1266 κινεῖσθαι
1021 1197 1071 1265 καί
1093 1202 1215 1267 ἐσθίειν.

66 1315 94 1366 to
121 1297 155 1370 ού
179 1301 217 1390 δὴ
239 1302 290 1370 καί
311 1301 366 1390 τήν
388 1299 513 1389 δύναμιν
535 1298 661 1388 κοίτην
685 1303 869 1388 συσταδμίαν
892 1297 1073 1388 ἐκθήσομαι.

139 1498 181 1546 nt.
205 1491 376 1563 ἀλεκτρυόνας
394 1494 426 1544 H.
475 1496 515 1543 ot.
542 1493 627 1545 Closs.
649 1493 710 1557 Cyr.
736 1490 848 1561 βουττίον
874 1495 984 1556 σκιρσίία.
1026 1491 1124 1560 βουττίς
1142 1508 1217 1557 cupa.

48 1577 121 1629 Closs.
143 1579 209 1630 Phil.
231 1593 299 1642 cupa
316 1593 363 1630 reu
379 1593 468 1644 αομαα
489 1581 561 1642 (item
580 1593 669 1644 unpno
685 1592 732 1629 reu
749 1581 841 1642 cuppa)
863 1577 960 1646 βοοττὶς
979 1576 1087 1650 μεμίλη,
1107 1577 1140 1647 ἥν
1155 1596 1219 1637 τινες

48 1662 130 1732 putu
147 1663 278 1718 καλοῦσιν.
299 1663 370 1714 coni.
391 1663 482 1728 congii
494 1663 579 1715 Giano.
600 1665 645 1715 Gr.
665 1677 692 1730 p.
706 1667 766 1714 stt.
803 1661 923 1716 κονδύτον
943 1665 974 1714 H.
989 1679 1014 1714 ν.
1028 1665 1107 1728 Cong.
1123 1679 1148 1730 p.
1158 1665 1216 1724 tot,

48 1749 183 1802 Ntotosium
197 1751 280 1816 Geop.
295 1763 340 1800 νιιι
355 1755 397 1809 tt,
414 1749 568 1802 Jacobsium
581 1749 660 1800 nuth.
675 1749 720 1800 Gr.
740 1753 759 1799 t.
773 1763 789 1798 x
807 1763 833 1814 p.
850 1752 907 1800 stt.
947 1753 988 1800 tt.
1008 1751 1059 1801 nisi
1078 1747 1138 1801 αὐτὸ
1154 1752 1220 1800 sori·

47 1835 156 1888 bendum
176 1842 218 1888 ost
239 1834 357 1888 κονδῖτον
374 1840 453 1886 anteo
471 1835 650 1888 masculinum
669 1839 711 1886 est
727 1835 990 1900 intellegendumque
1008 1833 1086 1887 οἶνον.

122 2009 214 2070 Pium
237 2026 300 2070 non
324 2005 469 2068 cxcribo:
506 2026 612 2087 neque
643 2009 729 2068 enim
751 2006 792 2069 od
823 2025 889 2068 rem
912 2007 1073 2086 pertinent
1096 2005 1135 2069 de
1158 2027 1220 2088 qua

45 2107 180 2172 dicturus
202 2130 285 2174 sum.
326 2110 386 2172 init
409 2111 505 2192 igitur
527 2111 764 2188 TheomnestuS,
790 2111 845 2190 qui
869 2129 930 2190 quo
947 2119 1088 2190 tempore
1104 2110 1222 2172 vixerit

44 2213 164 2276 aliunde
192 2232 255 2276 non
284 2223 422 2291 constat,
463 2213 576 2274 hiemis
606 2223 745 2294 tempore
775 2213 946 2286 Carnunti,
985 2231 1080 2292 quam
1109 2212 1221 2275 urbem

45 2309 155 2400 Κάρνον
179 2316 271 2378 dicit:
298 2311 436 2401 Καρνοῦς
458 2315 577 2378 dicitur
599 2316 773 2378 Ptolemaeo
788 2334 811 2376 ιι
828 2316 865 2376 ii
883 2317 901 2376 3
927 2314 1102 2396 eodemque
1119 2317 1221 2378 nomi-

44 2419 88 2478 nis
109 2419 225 2499 iorma,
266 2438 337 2482 oum
367 2419 474 2480 Livius
496 2419 597 2480 κιιιιί
626 2419 791 2500 scripserit
822 2419 1022 2497 Carnuntem,
1059 2418 1221 2500 Polybium

45 2541 125 2582 usum
149 2542 220 2585 esse
243 2522 493 2603 putat-Valesius
516 2521 548 2582 in
571 2519 771 2584 Ammianum
787 2541 842 2582 κιικ
857 2521 888 2600 5,
913 2519 944 2583 ἐν
968 2514 1150 2605 Καρνούντῳ
1174 2531 1222 2584 est

44 2625 120 2704 apud
142 2627 183 2686 λί.
200 2624 397 2687 Antoninum
418 2626 452 2685 in
475 2624 538 2685 fine
561 2621 635 2685 iibri
659 2642 698 2703 ιι,
722 2621 755 2685 ἐν
778 2617 943 2709 Καρνούτῳ
965 2624 1051 2704 apud
1066 2624 1220 2686 Zosimum

44 2743 61 2785 ιι
79 2729 125 2788 to.
159 2729 243 2791 inter
265 2729 381 2788 amicos
403 2737 509 2790 nutem
533 2727 731 2808 imperatoris
754 2726 813 2789 iuit
835 2727 1061 2788 Theomnastus
1084 2744 1221 2806 eumque

44 2833 202 2894 comitatus
225 2841 273 2892 ost
295 2849 368 2892 cum
384 2831 466 2892 circe
483 2831 608 2891 initium
624 2829 742 2892 mensis
757 2829 920 2890 Februarii
943 2839 1073 2910 propter
1095 2830 1222 2909 nuptias

45 2934 99 2994 iter
121 2935 155 2996 in
178 2934 298 2995 italiam
322 2931 497 2995 festinaret.
537 2932 616 2994 iacta
640 2933 718 2994 hoec
739 2942 829 3010 sunt,
860 2951 965 3012 neque
988 2932 1074 2993 enim
1096 2930 1218 3010 dubito,

43 3053 119 3096 anno
140 3046 213 3117 post
228 3036 387 3098 Christum
402 3045 510 3099 notum
534 3054 642 3097 aucun
666 3036 902 3115 imperatorque
918 3033 1151 3113 intellegendus
1173 3044 1222 3096 est

45 3140 188 3202 Licinius.
236 3139 414 3200 Lactantius
444 3137 483 3200 de
513 3148 603 3200 mort.
629 3149 787 3217 persecut.
813 3157 840 3200 c.
860 3137 911 3198 tt.
950 3146 1116 3218 postquam
1145 3155 1221 3198 ner-

44 3241 119 3302 ravit
142 3259 224 3322 quae
240 3242 354 3302 Romae
378 3251 515 3303 exeunte
539 3259 647 3302 mense
663 3239 790 3302 Octobri
813 3242 889 3301 anni
913 3258 1008 3301 occur
1031 3250 1117 3319 gesta
1134 3250 1219 3320 sunt,

44 3345 80 3402 ita
109 3343 214 3424 pergit
239 3343 452 3404 Constantinus
485 3341 576 3404 nebus
605 3345 637 3404 in
665 3342 739 3404 urba
768 3343 927 3423 conpositis
955 3343 1048 3404 hieme
1073 3343 1222 3422 promima

44 3445 244 3508 Mediolanum
266 3445 426 3508 contendit.
459 3443 558 3506 eodem
574 3446 706 3506 Licinius
722 3445 844 3507 advenit
858 3453 893 3508 ut
906 3434 1060 3526 acciperet¹
1076 3462 1262 3510 meorumue

44 3549 177 3610 Zosimus
193 3567 214 3610 ιι
233 3547 272 3608 47
295 3542 343 3608 ἐπί
363 3540 476 3617 τούτοις
498 3537 591 3617 ούτως
613 3546 736 3631 ἐκβᾶσιν
758 3541 775 3610 ‘o
798 3541 1021 3618 Κωνσταντῖνος
1040 3541 1152 3630 ὀλίγοις
1168 3546 1221 3629 μέν

42 3673 96 3714 τισι
117 3653 172 3714 nin
195 3643 442 3733 ἐπιτηδειοτάτων
466 3645 620 3734 Μαξεντίῳ
641 3647 725 3733 δίκην
747 3649 895 3733 ἐπέθηκε,
925 3645 993 3721 τούς
1023 3648 1056 3712 δὲ
1083 3672 1221 3734 πραιτω-

43 3749 158 3836 ριανοδς
180 3748 362 3839 στρατιώτας
384 3751 524 3838 ἐκτρίψας
545 3748 597 3814 καί
617 3747 655 3816 τά
676 3751 806 3838 φρούρια
827 3749 865 3816 τὰ
886 3747 1005 3824 τούτους
1027 3750 1138 3838 ἔχοντα
1158 3774 1221 3816 κα-

44 3851 148 3936 ίλελών,
175 3849 352 3938 διαδίμενύς
374 3879 406 3920 τε
420 3850 458 3919 τά
473 3851 549 3919 κατὰ
571 3851 624 3939 τὴν
640 3849 777 3940 Ῥώμην,
801 3851 849 3919 ἐπί
864 3851 995 3927 Κελτούς
1017 3852 1069 3918 καί
1084 3850 1222 3927 Γαλάτας

42 3953 204 4045 ἐξώρμησε.
242 3954 507 4044 μεταπεμψάμενος
531 3956 563 4020 δέ
585 3956 731 4023 Λικίννιον
754 3959 850 4044 ἐντῷ
873 3953 1053 4044 Μεδιολάνῳ
1072 3961 1222 4042 κατεγηυᾷ

41 4057 91 4124 τάν
115 4057 248 4147 ἀδελφὴν
270 4055 366 4146 τούτῳ
386 4057 607 4142 Κωνσταντίαν,
633 4051 670 4146 ἢν
692 4057 743 4125 καί
763 4057 906 4146 πρότερον
924 4056 1005 4146 αύτῷ
1024 4056 1128 4124 δώσειν
1145 4055 1221 4125 ίνπέ-

42 4185 145 4248 σχετο,
173 4167 227 4238 εἰς
254 4160 327 4250 πρὸς
352 4161 516 4236 Μαξέντιον
546 4163 718 4248 δυσμενείας
746 4159 888 4229 κοινωνὸν
917 4162 999 4251 ἔχειν
1029 4159 1218 4250 βουλόμενος.

41 4261 144 4331 τούτου
164 4267 352 4354 πραχθέντος
368 4264 589 4340 Κωνσταντῖνος
612 4265 665 4352 μὲν
681 4263 729 4331 ἐπί
745 4263 875 4340 Κελτούς
896 4262 1055 4353 ἀνεχώρει,
1081 4267 1222 4353 Λικιννίῳ

42 4367 147 4434 δὲκαὶ
174 4368 335 4456 Μαίιμίνῳ
359 4369 497 4455 πολέμων
528 4369 679 4456 ἐμφυλίων
714 4365 959 4435 δπεκκαυδέντων
988 4366 1040 4434 καί
1067 4365 1167 4456 μάχης
1189 4369 1221 4434 ἐν

36 4465 188 4558 ’ίλλυρίυις
210 4477 355 4560 καρτερᾶς
370 4473 540 4558 γενομένης,
566 4471 649 4546 ἔδοξε
664 4471 717 4558 μὶν
733 4467 786 4559 τὴν
808 4468 905 4560 ἀρχὴν
928 4469 944 4538 δ
967 4471 1113 4568 Λικίννιος
1128 4473 1222 4537 ἐλατ-

93 4589 209 4644 iinnpttt
222 4591 334 4645 opuscul·
349 4591 390 4634 111.
983 4593 1014 4645 32
