3182 5132
325 398 399 475 448
706 413 749 474 En
773 428 870 473 nean
893 413 1105 476 Bnemrueusr.

323 601 472 681 loquendi
489 603 567 664 ratio
583 611 642 664 est.
682 601 770 666 unde
786 619 848 664 non
864 601 978 665 inutile
993 601 1057 664 erit
1070 599 1157 664 aliud
1173 601 1244 664 eius
1259 599 1429 681 exemplum
1441 597 1491 659 ad-

323 706 419 768 ferre.
453 705 621 769 Pausanias
636 724 665 768 rr
684 705 722 766 tt
738 707 758 766 8
775 701 804 767 οἳ
819 700 852 770 δὲ
867 698 939 788 τρίς
955 697 988 768 τὸ
1004 697 1179 770 ἀνέλπιστον
1194 706 1254 766 τῶν
1269 696 1416 786 παρόντων
1427 701 1489 784 ἐγί-

322 831 407 871 νοντο
430 803 584 893 ἔκφρονες,
603 803 655 872 καί
670 798 735 890 ἅμα
753 803 809 870 ὑπὸ
824 808 878 890 τῆς
894 799 1026 878 διεξόδου
1040 807 1093 890 τῆς
1108 800 1186 872 κατὰ
1200 809 1280 891 σφᾶς
1291 807 1350 871 τῶν
1361 798 1490 890 Ἀρκάδων

322 901 1488 995 ἐταράσσοντοῶστεαότιῖννἐδέησανοίπολλσίκαίέπιλαδίσδαιτῶνένχερσίν.

406 1005 518 1081 ‘Pauca
531 1013 614 1078 eddo
635 1014 676 1078 ad
698 1015 881 1078 Pausaniam
905 1014 1113 1094 pertinentia.
1143 1059 1146 1066 -

411 1119 472 1182 rii
496 1117 526 1181 7.
552 1117 582 1183 σί
604 1114 639 1180 δὲ
660 1112 800 1202 θώρακες
822 1116 851 1179 oi
873 1116 952 1184 λινοῖ
974 1115 1158 1202 μαχομένοις
1181 1113 1234 1200 μὲν
1258 1108 1317 1201 οὐχ
1331 1110 1435 1198 ὁμοίως
1446 1107 1497 1176 εἰσί

322 1214 473 1306 χρήσιμοιΙ
501 1221 607 1301 (διιᾶσι
632 1214 690 1305 γὰρ
718 1216 770 1285 καί
798 1213 973 1305 βιαζόμενοι
1000 1213 1049 1284 τόν
1079 1218 1234 1304 σίδηρον),
1268 1213 1493 1304 θηρεύονταςδί

323 1317 505 1407 ὠφελοῦσιν.
522 1390 526 1400 ,
548 1342 739 1404 perversum
753 1334 802 1386 est
815 1318 866 1390 καί
883 1316 1067 1408 βιαζόμενοι.
1107 1321 1315 1388 scribendum
1330 1342 1397 1386 esse
1410 1341 1493 1389 κατι-

323 1420 497 1510 βιαίόμινοι
519 1425 717 1490 Gadatredus
739 1427 940 1491 Hermannus
962 1427 1036 1488 otim
1059 1445 1110 1491 me
1131 1426 1250 1492 docuit.

410 1531 476 1598 140
495 1531 525 1590 l.
548 1526 613 1596 ἔστι
635 1526 669 1594 δὲ
691 1529 722 1592 ἐν
742 1532 781 1614 τῇ
804 1523 891 1594 πόλει
912 1523 1027 1615 κρήνη,
1051 1528 1104 1592 καί
1119 1550 1219 1614 σφισιν
1234 1523 1409 1613 ᾠκοδόμησε
1423 1525 1495 1592 Θεα-

323 1632 422 1716 γένης.
470 1633 562 1699 nutta-
580 1651 674 1698 causa
697 1643 745 1696 est
767 1651 824 1696 our
847 1633 1031 1700 Pausaniam
1055 1644 1204 1714 putemus
1226 1643 1291 1699 tam
1314 1633 1417 1715 inepta
1436 1650 1496 1692 scr-

324 1755 414 1800 mone
441 1755 535 1800 usum
559 1755 629 1798 esse
651 1753 757 1816 neque
781 1737 947 1816 scripsisse
969 1729 1006 1822 ἥν
1030 1758 1141 1821 σφισιν.

409 1841 475 1903 rii
493 1840 523 1900 8.
548 1833 602 1921 τῆν
632 1835 687 1921 μὲν
715 1833 753 1922 δὴ
777 1835 963 1924 Μολουρίδα.
982 1837 1093 1924 πέτραν
1116 1838 1290 1912 Λευκαδίας
1316 1834 1366 1911 καί
1388 1834 1493 1902 Παλαί-

323 1964 412 2024 μονος
442 1937 523 2027 ἱερὰν
552 1933 679 2026 ἥγηντο,
716 1936 770 2014 τὰς
798 1939 833 2008 δὲ
863 1936 938 2025 μετὰ
965 1936 1076 2026 τοιότην
1103 1941 1275 2026 νομίζουσιν
1303 1942 1428 2028 ἐναγεῖς,
1457 1934 1494 2004 ότι

320 2048 474 2130 παροικῶν
498 2042 598 2128 σφίσιν
620 2041 636 2109 ὁ
661 2043 808 2130 Σκείρων,
841 2039 961 2117 ὁπόσοις
988 2047 1047 2110 τῶν
1070 2045 1158 2118 ξένων
1181 2039 1396 2132 ἐπετόγχανεν,
1422 2037 1496 2129 τ’,ρίιι

322 2151 399 2231 σφᾶς
421 2145 452 2218 ἐς
471 2141 525 2232 τῆν
542 2142 709 2211 θάλασσαν.
750 2168 813 2210 non
830 2161 1009 2232 congruunt
1024 2142 1136 2234 ἥγηντο
1152 2160 1184 2212 et
1198 2147 1379 2232 νομίζουσιν,
1404 2167 1493 2229 neque

321 2269 380 2330 per
402 2269 436 2311 se
460 2261 544 2312 recte
568 2249 688 2313 dictum
711 2261 759 2313 est
780 2245 902 2336 ἥγηντο.
950 2251 1156 2317 sorssoendum
1174 2263 1222 2314 est
1237 2241 1375 2338 ἥγηνται.
1412 2251 1495 2314 habet

321 2353 379 2414 hoc
394 2353 564 2416 Pausanias
579 2353 670 2416 rrrlS
690 2355 718 2415 t.
738 2357 768 2434 6,
795 2355 906 2434 rien,
933 2355 1016 2416 rrl3
1036 2357 1065 2435 ἲ,
1091 2356 1181 2418 xiil>
1205 2366 1237 2418 et
1258 2355 1385 2440 saepius
1399 2357 1489 2419 etiarn.

408 2459 469 2518 vri
492 2457 542 2517 li.
569 2452 703 2520 ἐκπεσών
731 2453 764 2519 δὲ
788 2451 843 2521 ὑπὸ
867 2461 1039 2522 στασιωτῶν
1062 2459 1096 2522 ἐκ
1119 2453 1248 2522 Κνωσοῦ
1270 2455 1322 2522 καί
1344 2459 1374 2531 ἐς
1387 2453 1492 2544 Ἱμέραν

321 2551 502 2644 ἀφικόμενος
524 2558 676 2632 πολιτείας
697 2551 870 2646 τετύχηκεν,
893 2552 928 2633 ‘ie
950 2557 1120 2626 καὶπολλὰ
1142 2555 1245 2648 εόρετο
1269 2553 1348 2626 itta
1364 2563 1393 2634 ἐς
1406 2556 1489 2645 τιμήν.

320 2662 426 2724 scribe
447 2661 598 2734 πολιτείας
620 2656 647 2725 τ’
672 2659 762 2747 ἔτυχε
784 2661 836 2726 καί
857 2660 956 2728 πολλὰ
971 2677 1032 2728 etc.

407 2767 443 2828 V.
470 2767 589 2829 Seneca
612 2765 670 2848 Ep.
697 2766 735 2826 53
759 2765 796 2827 12
820 2787 884 2832 ecee
913 2788 963 2831 res
991 2789 1120 2854 mappa,
1150 2767 1262 2832 labere
1291 2767 1492 2834 inbecillitatem

319 2869 460 2944 lromiuis,
486 2871 678 2932 securitatem
695 2869 753 2931 elei.
795 2872 982 2934 incredibilis
997 2875 1045 2936 ois
1057 2872 1265 2956 philosophiae
1281 2882 1326 2935 est
1340 2874 1382 2936 ad
1395 2891 1492 2935 mouera

317 2972 478 3054 fortuitam
502 2975 563 3034 vim
587 2971 817 3034 retimileuclam.
867 2975 985 3038 niellam
1008 2976 1099 3038 telum
1122 2976 1154 3037 iu
1176 2995 1303 3058 corpore
1325 2977 1391 3038 eius
1407 2975 1492 3038 selu:

321 3077 438 3137 munito
461 3084 515 3154 est,
541 3075 660 3140 solida:
684 3077 832 3161 anatoliam
856 3077 1006 3162 defatipat
1024 3086 1053 3140 et
1074 3079 1156 3142 e’elut
1177 3079 1257 3142 levio
1273 3076 1334 3141 tela
1350 3081 1421 3141 luceo
1434 3078 1493 3139 siau

321 3175 433 3252 eludit,
469 3179 619 3260 quaedum
652 3182 776 3244 discutit
804 3189 832 3242 et
861 3183 892 3242 iu
922 3201 989 3243 erem
1020 3200 1115 3265 resque
1143 3185 1197 3264 qai
1225 3183 1354 3245 miserat
1381 3181 1490 3264 respuit.

321 3291 488 3362 postquam
518 3283 645 3346 fortuita
677 3287 725 3346 vis
754 3304 825 3346 oum
848 3284 921 3347 telis
943 3296 1112 3366 conparata
1135 3295 1183 3348 est
1205 3285 1340 3366 adparet
1363 3281 1490 3368 quaedam

217 3463 220 3468 Ι
321 3386 362 3446 ita
386 3384 449 3448 diei
471 3395 508 3448 ut
529 3390 709 3450 necessario
732 3388 958 3468 intellegentur
978 3389 1052 3451 teta.
1101 3405 1164 3470 quo
1187 3387 1221 3450 tu
1235 3399 1272 3451 ut
1287 3390 1387 3452 oratio
1402 3391 1493 3466 inepte

319 3487 530 3567 perturbatur
554 3489 604 3550 illo
626 3491 709 3552 ualeat
731 3492 810 3552 leoio
833 3492 903 3553 mla.
950 3509 1057 3572 neque
1080 3509 1195 3573 operae
1217 3493 1359 3572 pretium
1379 3491 1493 3553 terium

320 3591 347 3651 si
370 3592 430 3652 telo
451 3591 612 3654 delemus:
639 3611 711 3654 nom
735 3611 799 3654 nan
819 3603 904 3655 recte
920 3593 1037 3656 dicitur
1053 3595 1248 3676 philosophia
1264 3595 1395 3658 eludere
1408 3607 1493 3674 quae
1571 3611 1572 3614 ’

321 3690 395 3754 dam
424 3694 485 3754 tela
513 3696 601 3756 vetut
630 3697 656 3757 si
687 3695 768 3758 levia
793 3706 910 3759 esseut.
958 3699 1097 3778 pertinet
1119 3707 1223 3760 antem
1248 3699 1334 3761 velut
1353 3698 1393 3761 ad
1412 3706 1492 3757 totam

322 3797 403 3858 hanc
425 3798 595 3877 imaginem
619 3799 753 3862 telorum
776 3801 847 3861 laxo
869 3801 942 3862 sinu
965 3801 1138 3863 clusarum.
1185 3819 1268 3881 quae
1288 3812 1376 3864 reete
1390 3805 1492 3862 constat

281 3919 309 3964 aa
323 3900 350 3960 si
374 3899 548 3963 omittimus
570 3902 650 3964 levio
672 3903 743 3966 telo.
787 3904 870 3964 nihil
892 3913 999 3964 tamen
1016 3893 1234 3967 cuuittenduml
1257 3923 1329 3966 esse
1344 3916 1424 3986 puto,
1446 3896 1493 3962 sed

324 4003 366 4064 ita
395 4002 621 4084 scribendum,
654 4006 802 4087 quaedam
832 4005 979 4090 desotipat
1007 4015 1035 4068 et
1062 4007 1161 4071 veluti
1190 4009 1306 4073 evitata
1336 4009 1408 4070 laoeo
1433 4005 1492 4066 siut

320 4108 424 4172 eludit.
473 4108 614 4172 catullus
643 4110 676 4172 in
702 4109 813 4172 ultimo
836 4111 975 4172 carmine
998 4120 1105 4174 contro
1127 4129 1182 4173 uos
1203 4111 1266 4174 tela
1288 4113 1349 4174 istu
1370 4120 1419 4173 tua
1439 4105 1492 4168 eri·
1569 4109 1570 4116 ’

321 4219 421 4274 taurus
451 4214 575 4274 orariola.
622 4210 721 4274 verbo
750 4211 835 4292 quod
864 4223 912 4274 est
944 4216 1063 4295 respuit
1089 4214 1237 4278 similiter
1265 4225 1362 4296 atque
1387 4215 1490 4276 Seneca

302 4315 422 4376 «utitur
450 4317 593 4378 Lucanus
615 4333 645 4375 ιν
661 4317 742 4392 tte,
777 4316 852 4380 dunc
876 4315 939 4398 fuit
965 4337 1125 4382 armorum
1153 4319 1264 4394 series,
1297 4327 1333 4382 at
1359 4311 1491 4402 praelim

319 4424 396 4480 tecto
416 4418 554 4480 quocieu
579 4437 730 4498 percussa
756 4427 866 4482 sonaret
887 4421 932 4482 sic
953 4421 1056 4482 aetitia
1078 4421 1137 4482 tela
1158 4423 1296 4502 Respuit.
1343 4439 1401 4484 non
1423 4414 1490 4492 tagit

319 4517 350 4580 id
375 4518 654 4599 diligentissimum
679 4521 854 4584 Gesnerum
880 4524 912 4585 in
936 4523 1107 4586 Thesauro.
