3152 5128
339 381 413 452 280
730 394 774 454 Ex
798 411 834 454 υτ
856 410 895 454 ει
918 394 1125 455 Βεεοιικεπει.

365 603 382 644 ν
468 605 537 668 κερ.
562 576 598 645 ε’.
638 578 703 666 περὶ
720 573 885 652 ἀλώπεκος.
922 573 968 644 ὅτι
982 583 1115 644 πεινῶσα
1131 574 1221 645 άπλοῖ
1235 576 1344 664 ἑαυτὴν
1360 575 1399 652 ὡς
1413 577 1500 665 νεκρόν
1561 559 1562 652 ί

392 687 424 750 έν
448 681 552 772 ἐρήμῳ
574 680 675 771 τόπιρ,
699 681 751 748 καῖ
774 684 982 769 συναγομένων
1004 688 1063 749 τῶν
1085 680 1197 770 ὀρνέων
1221 684 1263 756 είς
1285 679 1318 748 τό
1340 687 1501 770 καταφαγεῖν

393 786 486 874 αὐτὴν
515 781 602 876 άφνω
625 784 811 872 ἀναπηδῶσα
833 789 915 873 θηρᾷ
936 783 1003 852 τινὰ
1025 782 1135 852 τούτων
1157 783 1208 852 καί
1229 785 1337 851 ἐσθίει.
1381 787 1502 852 τοῦτοδὲ

392 893 472 957 ποιεῖ
493 888 544 958 καί
566 887 582 956 ό
606 885 769 962 θαλάσσιος
794 885 945 977 βάτραχος
967 886 1017 956 καί
1039 885 1058 976 ἡ
1081 885 1187 978 νάρκη.

362 1009 377 1056 5
458 989 503 1059 ότι
527 995 616 1080 δεῖμα
637 993 703 1080 ἔχει
725 990 741 1058 δ
767 993 940 1080 βασιλίσκος
961 991 994 1060 τὸ
1017 995 1113 1080 δέρμα
1135 997 1188 1077 τῆς
1210 983 1336 1079 ιριόκης.Ι

315 1115 328 1160 7
456 1091 502 1162 ότι
523 1099 603 1164 ποιεῖ
624 1102 667 1183 τῷ
689 1098 797 1182 ἑαυτῆς
820 1101 931 1184 φωλεῷ
954 1093 1086 1182 στόματα
1108 1092 1183 1161 ἑπτὰ
1204 1094 1256 1161 καί
1279 1097 1441 1181 διωκομένη
1462 1092 1503 1159 ὑπὸ

852 1193 945 1266 ἄλλου
967 1202 1010 1274 είς
1026 1193 1100 1266 ἀλλο
1117 1201 1293 1286 μετέρχεται
1307 1197 1358 1264 καί
1371 1195 1502 1286 ἐκφεόγει.

457 1299 503 1369 ότι
525 1300 666 1368 οὐδέποτε
688 1300 861 1390 ἡμεροῦται.

456 1401 503 1474 ὅτι
531 1405 610 1472 οἶδεν
640 1402 681 1480 ὡς
711 1397 848 1494 φοβεῖταί
877 1402 1006 1481 δλόκος
1033 1401 1087 1492 τὴν
1118 1407 1240 1472 σκίλλαν
1269 1403 1321 1471 καί
1349 1403 1398 1472 ὑπ’
1430 1401 1506 1489 πότην

342 1522 372 1574 ¹0
390 1507 533 1576 καθεόδει
554 1509 606 1577 ἵνα
629 1507 669 1596 μὴ
695 1510 795 1598 βλαβῇ
818 1507 873 1576 ὑπὸ
895 1515 948 1576 τοῦ
970 1506 1072 1576 λόκου.

456 1609 503 1679 ότι
531 1617 669 1702 φοβεῖται
694 1609 748 1699 τὴν
771 1611 867 1701 χολὴν
890 1619 942 1680 τοῦ
964 1614 1181 1702 χαμαιλέοντος
1202 1617 1255 1678 τοῦ
1277 1613 1437 1699 λεγομένου
1456 1638 1506 1698 φυ-

392 1715 547 1804 σιγνάθου.
1563 1799 1564 1814 φ

456 1815 502 1886 ότι
523 1822 685 1906 κυλιομένη
709 1821 740 1886 έν
764 1821 900 1909 σπορίμιρ
922 1820 1027 1908 χωρίῳ
1047 1821 1128 1886 ποιεῖ
1148 1817 1199 1884 τδν
1221 1816 1310 1885 τόπον
1332 1814 1407 1885 όπου
1421 1819 1506 1884 κυλίε-
1563 1827 1564 1832 ’

391 1949 441 1990 ται
464 1920 505 2009 μὴ
531 1927 716 2010 βλαστῆσαι·
741 1919 815 1989 όθεν
838 1921 890 1989 καί
912 1920 1068 1989 ἀλωπεκία
1086 1920 1204 2009 λέγεται
1219 1920 1267 1988 ἐπί
1281 1927 1340 1988 τῶν
1357 1922 1408 1997 τὰς
1421 1924 1507 2010 τρίχας

341 2041 371 2091 15
394 2022 623 2113 ἀποβαλλόντων
645 2022 666 2114 ἢ
690 2024 730 2114 μὴ
754 2023 900 2114 φυόντων.

455 2125 501 2196 ότι
522 2132 706 2219 παρέρχεται
728 2128 779 2195 διὰ
799 2128 967 2216 πεπηγότος
988 2133 1040 2195 τοῦ
1056 2123 1171 2218 Ἴστρου
1192 2136 1246 2196 τοῦ
1267 2131 1451 2215 καλουμένου
1464 2123 1507 2193 δεῖ

386 2231 548 2320 Ῥωμαίων
572 2231 759 2321 Δανοόβεως.
806 2232 858 2299 καί
888 2229 940 2299 ἐάν
963 2237 1026 2322 γνῷ
1048 2230 1089 2307 ὡς
1112 2231 1199 2320 ἐγγός
1222 2236 1284 2300 ἐστι
1306 2239 1358 2300 τοῦ
1380 2236 1504 2318 λυθῆναι,
1564 2239 1565 2246 ’

392 2335 497 2425 φεόγει
525 2334 575 2402 καί
604 2337 744 2424 σημαίνει
772 2339 833 2411 τοῖς
861 2333 907 2401 ἐπ’
942 2333 1024 2425 αὐτῷ
1045 2339 1146 2412 πεζοῖς
1168 2334 1279 2423 ὁμοίως
1301 2333 1432 2426 ρεόγειν,
1461 2337 1506 2405 τοῖς

392 2441 426 2508 δὲ
448 2436 570 2514 ναύταις
593 2437 836 2528 εὐτρεπίζεσθαι·
862 2441 888 2505 εί
911 2439 945 2506 δέ
968 2438 1008 2528 μὴ
1032 2436 1126 2528 φόγη,
1151 2441 1292 2528 σημαίνει
1311 2435 1357 2508 ότι
1371 2441 1415 2506 ἔτι
1430 2434 1444 2504 ό
1459 2464 1505 2502 πο-

338 2559 370 2609 20
389 2543 482 2632 ταμάς
503 2544 691 2631 πεπηγμένος
714 2545 860 2629 διαμένει.
1051 2537 1057 2556 '

456 2643 503 2714 ότι
532 2644 632 2736 ἀπατᾷ
655 2644 724 2722 τοθς
749 2644 897 2734 θηρευτὰς
919 2643 1009 2721 κόνας
1034 2645 1074 2713 δι’
1101 2646 1212 2735 ἀνέμου
1234 2645 1361 2736 γαστρὸς
1382 2651 1507 2713 πλανυῖσο

392 2750 443 2817 καί
467 2750 612 2818 σαίνουσα
634 2753 676 2825 εἰς
700 2750 875 2817 συνουσίαν·
902 2752 1097 2838 συγγινομένη
1120 2749 1178 2840 γάρ
1201 2752 1267 2832 κυνὶ
1288 2752 1380 2818 τίκτει
1398 2749 1446 2817 τόν
1460 2775 1507 2814 κα·
1565 2831 1566 2836 ¹

391 2840 536 2942 λόόμενον
559 2850 690 2921 ἀλωπόν.
738 2852 791 2919 ἐάν
814 2853 848 2919 δὲ
870 2847 966 2941 ἄρσην
991 2847 1024 2942 ᾖ,
1048 2851 1067 2941 ἡ
1093 2855 1126 2921 δέ
1149 2854 1230 2923 κόων
1253 2851 1377 2941 θήλεια,
1400 2856 1508 2921 τίκτεται
1565 2849 1566 2892 ί

390 2955 564 3033 Λακωνικὸς
586 2955 678 3039 κόων,
704 2954 803 3045 ὥσπερ
827 2958 1045 3043 συγγινομένων
1068 2956 1155 3033 κυνός
1177 2957 1229 3024 καί
1250 2959 1378 3046 τίγριδος
1400 2958 1507 3024 τίκτεται

339 3077 371 3126 25
391 3060 408 3128 δ
427 3059 551 3137 Ἰνδικὸς
573 3059 665 3129 κάων.

350 3190 377 3231 νι
458 3193 527 3254 κεφ.
553 3163 591 3240 ς’.
638 3163 706 3253 περί
728 3164 830 3252 ἐχίνου
850 3164 1005 3251 χερσαίου.
1044 3159 1091 3232 ότι
1106 3162 1122 3231 δ
1138 3167 1238 3253 ἐχῖνος
1255 3163 1378 3254 φονεύει
1392 3163 1438 3231 τὸν
1452 3157 1506 3250 όριν

394 3266 565 3359 μαχόμενος
587 3266 637 3334 καί
658 3271 723 3342 ταῖς
746 3263 894 3341 ἀκάνθαις
916 3268 1094 3356 περιπείρων
1118 3266 1207 3336 αότὸν
1230 3271 1418 3356 κατατέμνει.

455 3367 502 3439 ὅτι
523 3369 540 3439 δ
562 3374 661 3460 ἐχῖνος
683 3376 753 3458 νικᾷ
774 3367 827 3456 τῖγν
850 3363 996 3440 ἀλώπεκα
1017 3378 1053 3461 τῇ
1072 3367 1169 3461 μάχη,
1195 3369 1236 3459 μὴ
1253 3375 1418 3460 δυναμένην
1432 3367 1506 3436 αότοδ

394 3475 560 3565 βιάσασθαι
581 3473 633 3550 τοῖς
656 3471 803 3552 ἀκάνθας.

338 3595 371 3646 30
454 3575 501 3646 ότι
522 3576 538 3646 ‘o
562 3579 660 3667 ἐχῖνος
682 3577 751 3654 τοὺς
766 3581 929 3666 μέλλοντας
944 3581 1026 3646 πνεῖν
1042 3575 1171 3666 ἀνέμους
1185 3581 1403 3667 προσημαίνει·
1424 3572 1505 3665 φράτ-

315 3708 329 3754 s
394 3711 452 3751 των
475 3678 533 3771 γάρ
556 3680 647 3749 αὐτοῦ
669 3680 719 3749 τόν
742 3682 860 3771 φωλεὸν
882 3679 953 3750 ’ὅθεν
977 3685 1082 3770 μέλλει
1102 3685 1185 3749 πνεῖν
1207 3679 1224 3749 δ
1247 3675 1367 3770 ἀνείρας
1382 3681 1505 3770 ἑτέρωθεν

344 3845 543 3854 ...------

426 3932 450 3979 ι.
488 3927 823 3992 Ορρ.Ηο1.1169-449.
895 3933 922 3982 ο.
941 3925 1030 3996 θαῦμα
1047 3928 1078 3978 Α.
1151 3929 1174 3978 8.
1196 3928 1265 3993 Ορρ.
1286 3928 1355 3992 Cyn.
1376 3927 1407 3977 111
1425 3927 1504 3974 λίνον.

338 4018 363 4067 9,
384 4013 522 4064 λαειοθυε
546 4027 573 4078 ρ.
588 4017 638 4063 207
664 4011 771 4082 ἀλώπηξ
795 4011 900 4072 σκίλλας
923 4011 1020 4084 φύλλον
1045 4009 1169 4065 ἐντίθεται
1190 4016 1246 4071 τοῖς
1270 4011 1382 4082 φωλεοῖς
1405 4009 1442 4063 διὰ
1458 4003 1505 4062 τοδε

338 4095 441 4156 λύκους.
480 4098 535 4150 λσΙ.
563 4100 658 4151 (λεια.
681 4101 750 4161 1⁸⁶,
772 4100 854 4164 Geop.
876 4100 990 4152 xvm.
1080 4102 1122 4150 41.
1145 4104 1185 4150 εκ.
1207 4095 1426 4169 φυσιογνέθουλ.
1447 4091 1502 4145 cont.

340 4199 399 4251 cap.
421 4189 463 4236 ⁴7.
485 4185 631 4236 Salmasius
655 4187 682 4236 in
700 4187 772 4237 Τοτί.
799 4187 833 4237 do
851 4185 931 4251 pallio
951 4199 976 4252 ρ.
991 4189 1040 4236 ³³5
1066 4199 1100 4236 ex
1118 4186 1279 4238 Adamantio
1297 4185 1420 4250 martyrio
1434 4179 1504 4234 adfert

340 4273 400 4335 bufo
419 4269 432 4322 δ
452 4267 618 4340 φυσίγναθος,
646 4270 695 4322 sed
715 4271 784 4323 mule
803 4273 927 4338 explicat.
1019 4275 1059 4322 τε.
1081 4271 1152 4323 cont.
1172 4271 1262 4337 Etym.
1284 4285 1311 4337 ρ.
1328 4275 1359 4322 τι
1372 4275 1416 4330 ει,
1434 4263 1500 4319 schol.

340 4358 367 4408 in
386 4357 490 4408 callim.
521 4357 548 4408 h.
575 4357 602 4407 in
621 4358 697 4408 Dian.
718 4361 760 4408 79.
851 4362 892 4410 46.
920 4358 986 4410 plut.
1007 4359 1041 4410 de
1065 4357 1124 4410 εοίλ.
1151 4371 1194 4409 αα.
1214 4371 1274 4424 στρ.
1295 4361 1327 4407 ⁴³
1346 4351 1446 4424 ρεαδί

342 4449 382 4494 47.
405 4439 563 4511 δσννοὺβεως
580 4443 611 4495 λ.
699 4449 743 4494 2⁴.
763 4440 871 4513 ἀναίμου
889 4445 918 4496 λ.
1008 4447 1087 4496 ms.
1109 4447 1152 4494 λτ.
1174 4443 1209 4495 lx
1222 4448 1255 4495 κδ
1274 4458 1301 4510 ρ.
1317 4449 1441 4495 nomm

342 4527 417 4601 ἀραεν
430 4521 447 4602 ᾗ
461 4527 517 4582 δλ.
591 4534 633 4581 2⁶.
649 4529 717 4582 plut.
731 4544 757 4596 p.
773 4525 841 4580 97⁴¹.
914 4535 992 4582 ms.
1005 4529 1050 4583 λτ.
1065 4531 1101 4583 1x
1114 4535 1129 4581 6
1142 4543 1168 4598 ρ.
1180 4526 1246 4582 61κῦ
1259 4531 1317 4583 διε.
1332 4531 1397 4582 Plus.
1411 4541 1433 4594 p.
1443 4527 1499 4574 νῖν.
