3182 5132
591 431 695 492 viat.
1163 417 1233 490 481

63 627 85 680 et
110 621 179 681 solet
203 621 274 700 fieri
301 620 374 683 aliis
403 619 557 682 adiunctis
584 619 730 700 epitbetom
752 627 875 700 tropus,
905 627 939 681 ut
962 619 1047 700 apud
1075 621 1237 702 Verqilium

64 725 169 803 ‘turpis
196 721 336 804 eqestas’'
355 731 383 785 et
413 723 528 784 ‘tristis
555 721 715 786 stamma*
757 731 968 784 verumtamen
996 723 1068 785 talis
1090 730 1135 786 est
1156 725 1238 786 ratio

61 824 142 884 litias
169 825 292 887 uirtutis
314 833 349 886 ut
370 827 436 887 siae
458 825 604 905 adpositis
627 825 711 886 auda
735 827 776 886 sit
797 833 825 886 et
846 825 929 886 velut
951 826 1101 906 incompta
1124 827 1233 904 oratio,

60 934 191 988 oneretur
220 935 321 990 tamem
343 929 458 990 mallis.
504 947 578 990 mum
598 929 632 1008 fit
654 929 745 1011 loaqa
768 935 796 989 et
817 927 960 1008 impedita
982 929 1030 990 uli
1050 929 1237 1008 quaestioni-

60 1027 193 1090 luseum
216 1031 328 1112 iaaqos
351 1031 480 1092 similem
503 1031 621 1113 aqraiai
641 1029 760 1092 totidem
783 1030 871 1091 limas
892 1028 1016 1092 babenti
1029 1039 1100 1112 quot
1113 1031 1234 1108 milites,

59 1133 103 1192 orei
128 1140 155 1192 et
180 1149 328 1194 uumerus
351 1139 396 1194 est
416 1132 534 1213 duplam
555 1149 609 1195 trec
631 1133 748 1213 duplam
770 1133 896 1193 virium.
944 1151 1025 1212 quae
1050 1135 1082 1195 in
1106 1133 1155 1194 his
1178 1131 1237 1194 de-

59 1245 177 1312 pravata
200 1246 275 1298 sunt
298 1253 408 1300 eorum
431 1237 535 1316 qualis
558 1253 627 1298 esse
650 1235 800 1298 debuerit
821 1237 978 1297 sententia
994 1234 1034 1296 ab
1050 1237 1169 1297 Halmio
1185 1237 1237 1297 in-

58 1337 207 1400 tellectum
235 1348 301 1416 eat,
333 1341 401 1419 ipsa
424 1339 612 1412 Quintiliani
634 1338 733 1401 verba
756 1338 888 1400 fortasse
912 1338 1123 1402 restituuntur
1145 1339 1171 1400 si
1195 1339 1236 1400 ita

58 1439 228 1518 scribimus,
252 1461 327 1504 mam
346 1443 382 1522 fit
403 1442 493 1524 loaqa
515 1449 544 1504 et
566 1442 709 1523 inpedita
730 1439 787 1504 ubi
811 1440 1062 1520 congestioribus
1082 1459 1150 1504 eum
1165 1443 1237 1504 tuu-

57 1561 115 1622 qas.
162 1541 246 1604 idem
271 1544 337 1606 iere
361 1555 409 1606 est
431 1544 666 1628 coaqestioribus
689 1553 785 1624 atque
809 1543 1071 1607 cumulatioribus.

132 1645 347 1718 Quintilianus
363 1665 417 1710 viii
433 1649 451 1708 6
468 1649 508 1711 at
525 1665 579 1710 uec
601 1647 690 1710 uliud
708 1655 805 1727 potest
825 1664 991 1708 ammonem
1009 1645 1114 1726 facem
1128 1665 1236 1708 uume-

57 1767 149 1810 rosum
169 1767 265 1832 quam
279 1757 450 1830 opportuno
465 1749 583 1812 ordiais
596 1751 791 1830 permutatio,
816 1767 912 1831 aeque
928 1751 989 1812 alio
1005 1751 1084 1812 ceris
1101 1750 1236 1812 Plutonis

57 1849 167 1913 iuuenta
189 1860 262 1914 suat
283 1860 429 1934 quattuor
451 1853 507 1916 illa
531 1853 625 1914 uerbo
648 1851 757 1934 quibus
778 1854 810 1914 ia
826 1852 877 1914 dio
890 1851 1096 1932 pulcherrimo
1111 1871 1235 1932 operum

57 1953 81 2011 iu
104 1956 247 2016 tiraeum
269 1973 301 2017 se
323 1955 512 2018 msceadisse
534 1957 685 2038 siquifioot
703 1956 849 2036 plurimis
872 1954 969 2018 modis
990 1955 1124 2034 scripta,
1157 1955 1237 2036 quod

55 2073 112 2116 euri
139 2076 257 2139 pioque
283 2059 422 2120 maxime
446 2059 552 2140 facere
579 2060 787 2138 eaperiretur.
833 2056 995 2121 adsentior
1018 2057 1137 2118 Halmio
1160 2067 1232 2118 ante

54 2161 123 2220 ceris
146 2160 305 2223 excidisse
328 2162 360 2222 ia
382 2162 586 2238 existimanti,
612 2161 669 2224 sed
691 2162 765 2243 plus
786 2161 920 2242 periisse
941 2177 1003 2222 non
1020 2157 1134 2222 credo:
1161 2177 1233 2222 nam

55 2261 107 2322 alio
135 2261 221 2324 idem
245 2273 410 2344 astatque
433 2264 529 2326 aliam
553 2266 583 2325 ia
603 2265 694 2345 finem
716 2259 821 2344 neque
845 2264 1013 2343 quiequam
1036 2261 1078 2324 ad
1100 2262 1235 2341 integri-

54 2373 139 2426 tatem
161 2354 320 2428 arationis¹
343 2364 562 2436 desideratur.
610 2368 643 2428 in
665 2367 833 2448 postremis
854 2364 963 2429 verbis
986 2365 1129 2428 homines
1151 2364 1293 2428 doctitt‘t

55 2464 160 2530 [nistra
183 2468 381 2531 laborarunt.
429 2468 503 2531 libri
525 2467 754 2532 Ambrosianus
777 2480 808 2532 et
830 2468 1074 2549 Bambergensis
1096 2486 1157 2529 non
1179 2467 1234 2549 so-

54 2589 112 2634 tere
127 2572 259 2651 babent,
283 2571 342 2634 sed
356 2571 483 2652 suomet.
525 2573 657 2655 adparet
673 2571 878 2635 scribendum
895 2590 965 2634 esse
978 2572 1123 2651 plurimis
1138 2571 1234 2634 moolt's
1271 2609 1275 2621 ·

53 2677 159 2755 scripta
182 2693 279 2756 quam
303 2695 365 2755 quo
388 2693 454 2737 eam
478 2679 534 2756 qui
556 2679 693 2738 murcime
715 2677 854 2756 placeret
877 2675 1082 2754 cooperiretur.

128 2782 190 2840 XL.
219 2779 253 2840 ln
269 2776 395 2858 Apuleii
413 2780 703 2860 Metamorphoseon
720 2797 730 2840 t
746 2781 765 2840 ἓ
781 2780 934 2858 scriptum
951 2786 999 2840 est
1019 2777 1051 2836 in
1068 2773 1150 2836 libro
1165 2777 1234 2836 Flo-

53 2883 168 2944 reatino
191 2883 263 2964 equi
283 2883 425 2944 ardorem
444 2883 575 2963 froatem
599 2883 718 2944 cteriose
739 2881 869 2961 amfrico.
917 2880 975 2940 hoo
990 2879 1067 2940 ierri
1083 2895 1145 2938 non
1163 2887 1233 2957 pot-

53 2993 103 3044 est.
142 2995 248 3064 poteat
270 2983 380 3062 scribi,
405 2983 490 3064 quod
505 2984 577 3047 aliis
592 2985 722 3065 placuit,
747 2984 890 3046 sudorem
902 2983 1022 3063 fronte:
1046 2979 1104 3042 sed
1120 2999 1233 3042 vereor

53 3104 86 3147 ne
107 3088 262 3168 Apuleius
290 3087 408 3150 dixerit
438 3087 586 3150 sudorum
605 3087 748 3167 frontem.
796 3087 841 3148 sic
864 3088 986 3148 locutus
1009 3093 1056 3146 est
1080 3085 1111 3144 in
1134 3083 1228 3144 Flori-

52 3189 96 3251 dis
116 3211 144 3253 c.
169 3193 210 3252 46
234 3211 266 3271 p.
286 3191 347 3252 357
371 3190 479 3266 Elm.‚'
503 3190 629 3251 iamiam
662 3189 774 3250 sudoro
804 3187 934 3269 adfatim
965 3204 1090 3268 corpore
1118 3185 1234 3248 diutule

52 3289 172 3374 obriqui.
222 3308 295 3351 nam
315 3291 447 3371 frontem
467 3293 586 3354 muriose
601 3291 722 3372 emsrico
737 3310 799 3352 non
816 3293 921 3354 minus
937 3302 1059 3354 rectum
1075 3302 1122 3354 est
1139 3312 1233 3372 quam

51 3395 114 3456 liet.
132 3395 197 3456 1r7
218 3393 312 3474 probe
333 3394 480 3458 calicibus
502 3393 666 3474 ecfricutis.

129 3501 202 3562 liet.
222 3517 232 3559 1
248 3499 266 3558 7
284 3496 492 3560 scribendum
508 3507 557 3558 est
572 3515 651 3579 quae
666 3516 716 3558 ma
731 3499 826 3560 nimis
841 3517 934 3579 quam
949 3497 1082 3560 buaraae
1097 3507 1234 3561 tractore

52 3603 165 3665 adorta.
214 3619 321 3681 neque
351 3602 436 3662 enim
466 3599 553 3663 aliud
582 3619 677 3680 quam
707 3619 754 3662 me
781 3603 873 3662 aioiis
901 3602 977 3662 latet
1004 3601 1037 3662 in
1060 3599 1233 3662 Florentini

52 3705 117 3767 libri
139 3707 191 3768 his
206 3706 323 3766 littaris
337 3689 393 3766 ersi
406 3703 465 3782 liis,
492 3705 524 3764 in
541 3703 694 3784 quibust
711 3702 875 3766 inductum
891 3721 960 3764 esse
977 3699 1106 3766 dicitur.
1139 3701 1229 3783 Apol.

51 3829 73 3869 a.
93 3811 131 3870 ts
155 3831 188 3891 p.
207 3809 269 3868 305
286 3808 366 3868 Elm.
391 3809 543 3888 quaesisti
563 3799 709 3868 tu‘aimis
731 3825 823 3888 quam
844 3805 1024 3886 prudenter.

129 3915 202 3975 blot.
222 3913 295 3972 vta
318 3929 374 3974 aec
388 3912 468 3972 emim
490 3929 658 3992 numquam
681 3911 745 3972 oiri
765 3911 825 3970 mei
844 3908 911 3970 uidi
921 3907 1034 3988 faciem
1050 3908 1098 3968 ool
1113 3910 1232 3970 oramina

51 4019 156 4080 cuiatis
177 4018 218 4079 sil
239 4015 322 4088 aovi,
346 4014 399 4078 sed
422 4020 540 4076 tautum
561 4014 720 4076 aooturmis
743 4010 929 4074 sabaudie-as
949 4009 1071 4072 uocibus
1086 4010 1232 4072 maritam

53 4121 154 4184 incerti
173 4126 274 4184 statas
297 4126 325 4180 et
343 4135 476 4198 prorsus
499 4115 667 4198 tacitaque
689 4117 782 4178 tolero
802 4113 986 4195 bestiamque
1002 4113 1139 4196 aliquam
1154 4121 1233 4176 reete

50 4223 210 4288 dicentibus
232 4219 317 4284 vobis
338 4221 445 4282 aurito
467 4221 629 4282 consertio.
670 4237 773 4301 uaeque
794 4234 977 4299 auoquopere
997 4233 1115 4297 semper
1131 4235 1150 4278 a
1166 4218 1233 4278 suis

51 4335 137 4388 terret
164 4323 334 4408 amoribus
363 4323 538 4404 malumque
565 4320 685 4404 qroade
714 4321 751 4382 de
773 4320 876 4382 uttan
898 4319 1075 4382 curiositate
1095 4321 1233 4400 praemi-

51 4437 151 4490 uatur.
198 4430 267 4491 iure
289 4445 346 4490 auo
360 4424 432 4490 Otta
451 4426 578 4488 Iahnius
602 4425 634 4485 in
658 4425 717 4486 hac
738 4424 938 4486 continuatae
961 4422 1112 4484 orationis
1134 4421 1232 4482 lorma

50 4531 190 4596 attendit:
223 4528 281 4594 sed
310 4547 381 4593 cum
410 4527 616 4592 scribendum
646 4545 715 4590 esse
739 4527 874 4590 coniecit
895 4541 1028 4606 mumque
1050 4541 1232 4608 maqaopere
