3178 5136
595 441 699 501 Varro.
1165 425 1238 498 487

66 631 173 692 Euxini
196 650 228 712 p.
247 631 281 690 8l
311 626 410 691 lluds.
458 627 537 690 illud
567 639 689 691 certum
713 637 778 708 est,
804 646 953 708 peccasse
976 628 1067 690 ltalos
1089 628 1160 691 illos
1187 629 1241 710 qui
1310 657 1315 665 ·

64 735 194 815 nospes
217 730 422 796 scribendum
446 749 516 794 esse
538 741 743 811 putaverunt.
790 749 864 795 nam
886 749 992 812 neque
1017 732 1103 811 regio
1125 734 1243 814 Mossy-

64 857 168 901 norum
183 855 288 918 neque
302 837 438 897 nominis
452 832 592 916 syllabae
607 844 795 916 congruunt.
827 835 981 915 scriptum
1000 834 1130 915 quidem
1146 854 1242 915 saepe

63 941 201 1004 videmus
218 932 309 1023 ρὸαον
327 933 465 1008 Miconas
480 931 675 1016 Μόοονοικοι,
701 937 758 1001 sed
781 939 931 1018 antiquae
955 948 987 1000 et
1009 957 1105 1000 verae
1129 938 1242 1000 horum

62 1043 276 1106 vocabulorum
306 1043 424 1104 lormae
453 1041 574 1122 duplex
601 1064 618 1103 α
641 1039 771 1103 babent.
818 1041 859 1104 de
890 1059 951 1120 qua
983 1059 1017 1102 re
1040 1042 1241 1102 Hermannns

62 1149 90 1208 in
112 1147 257 1228 Orphicis
286 1167 319 1226 p.
340 1147 398 1206 llll
429 1143 602 1207 admonuit.
650 1145 757 1224 itaque
791 1163 855 1204 non
883 1143 1061 1224 parandum
1089 1153 1157 1206 erat
1182 1145 1243 1204 Le-

61 1251 177 1311 tronnio
206 1248 261 1330 qui
284 1249 411 1330 Scymni
443 1249 497 1327 qui
528 1245 797 1326 diuturnam,
830 1265 902 1308 cum
931 1247 1086 1327 scriptum
1109 1255 1193 1308 esset
1214 1245 1243 1312 ol

61 1347 210 1437 λεγόμενοι
233 1343 417 1415 Μοαθνοικοι
439 1347 539 1412 ἔθεσιν
563 1343 657 1431 ὠμοῖς
679 1345 777 1434 ἔργοις
800 1348 1009 1435 βαρβαρικοῖς,
1044 1351 1103 1411 hoc
1125 1349 1240 1429 posuit,

467 1469 495 1532 oi
519 1464 654 1532 Mo'oovot
676 1463 832 1552 λεγόμενοι

181 1573 268 1638 ἔθεσι
288 1569 391 1657 νόμοις
413 1569 512 1658 ἔργοις
533 1595 565 1636 τε
589 1566 829 1658 βαρβαρώτατοι.

62 1716 89 1775 in
111 1713 229 1795 quibus
251 1705 354 1796 νόμοις
376 1711 416 1774 ab
434 1711 593 1773 Hclstenio
609 1713 755 1792 sumpsit,
782 1730 844 1792 qno
863 1710 976 1773 similis
999 1709 1032 1771 fit
1054 1710 1152 1772 oratio
1168 1728 1242 1772 ver-

61 1818 102 1878 sui
125 1817 177 1896 83,
202 1813 289 1879 ἔθεσι
303 1811 423 1899 τρόποις
445 1811 544 1899 ἔργοις
559 1837 591 1877 τε
606 1807 845 1900 βαρβαρώτατοι.
872 1813 926 1875 ubi
950 1813 1126 1894 elegantius
1145 1810 1242 1874 scribi

60 1913 170 2003 τρόποις
199 1913 221 1981 τ’
260 1918 417 1980 intellexit
453 1916 680 1980 Bernhardius.
734 1917 843 1998 populi
876 1935 991 1978 nomen
1025 1914 1110 1977 hand
1144 1908 1251 1978 dubie'

59 2021 275 2102 corrigendum
308 2030 370 2101 est,
397 2040 468 2082 cum
492 2013 694 2082 Μοσσύνοικοι
716 2040 732 2080 a
763 2020 850 2081 nulla
872 2019 989 2081 senarii
1017 2037 1130 2080 versus
1152 2029 1242 2132 parte

60 2125 241 2206 recipiatur,
274 2123 332 2186 sed
362 2123 454 2186 nilrili
485 2133 533 2185 est
556 2117 701 2186 Μόσυνοι.
750 2123 792 2184 ite
821 2125 925 2204 potius
955 2120 1070 2184 illaad
1094 2139 1243 2183 numeros

59 2247 124 2290 suos
147 2225 330 2290 reducenda
353 2246 422 2288 esse
445 2223 608 2306 videntur,

675 2343 703 2408 ολ
725 2338 883 2428 λεγόμενοι

260 2442 418 2519 Μὸαοονες
441 2442 535 2531 ὠμοῖς
556 2444 641 2510 ἔθεσι
663 2441 903 2532 βαρβαρώτατοι.

136 2586 269 2664 Χλλζλλλ.
308 2584 458 2648 Aelianus
487 2585 528 2648 de
558 2583 749 2648 animalibus
770 2603 800 2645 νι
823 2585 860 2644 63
886 2593 994 2644 narrat
1023 2581 1063 2643 de
1095 2591 1242 2663 serpente

59 2709 132 2770 qnae
154 2708 292 2770 puerum
316 2709 412 2769 quom
440 2687 565 2750 amabat
587 2707 658 2750 oum
688 2707 760 2750 eum
790 2705 848 2767 per
877 2685 1080 2748 solitudinem
1108 2686 1169 2746 iter
1197 2683 1244 2744 la-

59 2793 186 2855 cicntem
211 2793 349 2853 latrones
371 2790 473 2852 adorti
497 2801 602 2852 essent
624 2791 774 2852 servavit.
822 2773 855 2850 in
878 2808 940 2869 qua
963 2787 1144 2848 narratione
1167 2786 1243 2847 baec

59 2897 167 2976 scripta
192 2904 283 2972 sunt,
308 2895 360 2957 τοῦ
383 2917 417 2975 γε
442 2888 499 2977 μὴν
522 2895 653 2956 παλαιοῦ
675 2886 712 2954 τὰ
734 2885 892 2976 τραύματα
914 2883 1052 2972 καθήρας
1081 2885 1168 2972 φίλου
1191 2885 1243 2950 καλ

59 3001 109 3082 aiga
131 2990 204 3062 ’ὅσον
232 2995 359 3080 ἔνθηρον
390 2987 427 3080 ἧν
453 2999 540 3059 τοῦτο
569 2993 771 3081 παραπέμψας
802 2985 899 3079 ᾤχετο
929 2986 1026 3055 durabo
1049 2989 1124 3054 ἔνθα
1153 2984 1242 3053 αὐτὸν

59 3099 205 3170 ἐξέθεσαν.
253 3110 338 3162 recte
370 3101 548 3162 Harcherns
584 3099 624 3161 ad
653 3093 703 3161 καλ
736 3101 794 3161 πᾶν
824 3109 856 3160 οι
892 3114 973 3176 quae
1005 3104 1157 3156 secuntur
1185 3091 1243 3153 ad-

58 3183 178 3286 scripsit
202 3204 281 3264 haec
303 3221 372 3264 essa
396 3215 555 3283 corrupta.
603 3202 827 3263 intellexerant
853 3199 886 3260 id
909 3201 1005 3260 etiam
1028 3195 1244 3259 Schneidarus

59 3317 87 3367 ct
106 3305 276 3384 lacobsius‚
302 3305 359 3367 sed
383 3304 639 3368 emendationem
662 3305 779 3365 frustra
801 3309 1008 3381 temptarunt.
1042 3309 1073 3361 at
1096 3298 1242 3360 facillima

58 3418 174 3488 estet,
213 3419 248 3470 ut
277 3410 407 3488 opinor,
441 3418 543 3471 certa:
584 3407 706 3470 seilicet
733 3407 819 3469 rubro
848 3406 880 3466 in
913 3407 966 3467 coi>
994 3396 1086 3466 τόπου
1116 3411 1243 3465 mutan-

59 3509 126 3572 dum
144 3499 215 3573 est.¹

136 3615 240 3676 XLlX.
287 3611 445 3675 Eusebius
468 3614 500 3673 in
525 3612 651 3674 Stobaei
674 3613 797 3692 Eulogis
820 3610 959 3692 physicis
982 3627 1004 3669 ιι
1021 3609 1039 3668 8
1058 3611 1095 3686 li,
1121 3627 1154 3688 p.
1180 3607 1301 3670 libate

60 3717 144 3779 lleer.
193 3717 273 3779 duas
294 3717 361 3778 vias
383 3713 538 3778 describit
559 3733 695 3795 quarum
717 3716 815 3778 altera
838 3711 878 3774 ad
901 3713 1062 3788 virtutem,
1088 3710 1187 3771 altera
1202 3708 1243 3770 ad

59 3818 278 3899 inprobitatem
301 3818 406 3881 ducat.
455 3819 487 3879 in
511 3837 547 3879 ea
571 3816 784 3899 descriptione
808 3818 885 3878 llaec
908 3815 1057 3895 leguntur
1077 3805 1098 3895 ἡ
1122 3809 1174 3896 μὲν
1190 3815 1243 3894 τῆς

59 3915 159 4006 ἀρετῆς
181 3916 220 3984 τὰ
240 3923 344 4003 πρῶτα
367 3915 421 3986 οὐκ
444 3914 578 4003 εὐήλατα
606 3944 666 3992 κως
687 3919 831 4006 παρέχειν
861 3916 975 3996 δοκέει,
1009 3910 1060 3978 οἷά
1081 3937 1114 3978 τε
1144 3913 1244 3997 μέντοι

59 4017 172 4110 εὖτοχέι
201 4018 285 4109 πόνιρ
313 4015 502 4106 α’νοοθῆναι.
540 4015 604 4106 ἅμα
640 4020 692 4086 καλ
727 4015 795 4093 τοὺς
824 4017 1062 4103 κατηγεογιένοος
1097 4015 1164 4103 ἔχει
1193 4012 1245 4078 καλ

59 4127 309 4212 παραπέμψαντας
333 4121 507 4198 ἀκινδύνως.
542 4129 611 4189 iure
635 4125 811 4188 llleinekius
834 4135 858 4185 t.
876 4141 898 4184 ιι
915 4143 946 4203 ρ.
965 4141 1019 4182 cor
1037 4122 1164 4202 negavit
1180 4119 1242 4182 dici

58 4233 190 4308 potuisse
219 4231 272 4292 hic
305 4228 435 4310 quidem
465 4223 584 4314 εθτοχέι
616 4225 699 4313 πόνιρ
722 4245 827 4308 neque
858 4244 920 4287 non
950 4235 1057 4305 aptum
1088 4222 1244 4304 estquod

60 4331 184 4396 tortasse
207 4331 412 4396 scribendum
443 4351 512 4394 esse
541 4331 623 4394 dixit
651 4326 787 4416 εὐψύχῳ.
835 4339 910 4410 puto
939 4337 1044 4390 tamen
1072 4327 1244 4390 mutatione

60 4437 147 4498 etiam
169 4437 292 4498 minore
316 4435 411 4497 scribi
436 4453 527 4516 posse
550 4428 683 4514 ιθτοκέι,
717 4432 749 4496 id
773 4443 820 4496 est
846 4439 1002 4514 prompto,
1035 4447 1098 4510 qua
1121 4427 1245 4510 signill-

61 4541 175 4602 oatione
206 4529 330 4609 ιθτοκος
358 4537 399 4600 ab
419 4537 574 4619 Aeschylo
604 4537 738 4616 aliisque
763 4533 898 4598 dicitur:
932 4528 1052 4605 εθτοκές
1083 4531 1246 4596 invenitur
