3182 5132
528 459 530 464 -
589 413 692 474 Verre.
1161 399 1234 470 467

137 599 271 662 Enoc-dio
288 601 432 682 pliadum
454 603 517 664 dies
539 623 627 664 seur.
653 603 758 684 incipit
780 609 897 682 tempus
920 603 1070 664 aestivum
1096 623 1152 664 rur
1172 599 1236 664 bal.

64 701 154 763 iulias.
193 704 262 783 ipso
291 703 369 766 bora
399 707 616 767 incrementum
640 702 723 785 fellis
755 704 937 778 admittitur,
970 703 1048 785 quod
1077 705 1186 766 crescit
1208 706 1240 766 in

63 810 265 890 aequinoctium
288 809 439 870 autumni.
469 805 594 891 friqidis
617 814 701 869 utere
718 815 752 878 ,et
773 805 959 869 dulcioribus
982 814 1010 868 et
1031 808 1145 870 cunctis
1168 805 1240 868 bene

63 910 193 974 aientibus
215 919 244 973 et
265 911 388 973 minime
411 912 513 972 ieiuna
534 918 562 972 et
584 910 733 972 consuetis
762 911 894 972 veneriis
923 912 954 971 in
983 917 1100 971 tontum
1123 909 1240 972 abstine

63 1013 160 1076 indies
177 1002 243 1076 mr.¹
266 1015 485 1095 aequinoctium
500 1013 642 1076 autumni
655 1032 685 1074 a.
705 1012 734 1073 d.
760 1034 816 1074 rrrr
830 1011 892 1074 bol.
909 1010 1041 1074 octobres
1058 1011 1233 1074 intenditur.
1251 1025 1296 1070 tot

63 1118 121 1196 ipsa
140 1116 215 1179 bora
236 1119 285 1179 vis
307 1117 391 1199 niqri
408 1114 490 1197 fellis
514 1123 654 1198 auqetur,
685 1132 826 1176 umorum
852 1114 1024 1177 crassitudo
1047 1117 1239 1196 consequitur

63 1221 89 1280 in
107 1238 242 1282 mosum
260 1219 413 1302 pliadum.
440 1227 526 1281 utere
548 1218 656 1280 calidis
679 1225 707 1279 el
729 1219 889 1280 acerrimis
912 1218 1050 1281 omnibus
1072 1227 1100 1280 et
1123 1218 1240 1281 abstine

67 1323 163 1384 l'enere
184 1343 220 1386 ac
243 1324 400 1384 minimum
424 1321 544 1383 labora.
584 1329 656 1382 sunt
679 1328 780 1382 numm
802 1319 866 1383 dies
890 1315 1021 1408 (serm)
1045 1323 1077 1382 in
1099 1340 1241 1384 occasum

58 1425 186 1504 pliadum
206 1448 261 1488 1111
282 1425 351 1487 idus
372 1423 560 1486 novembres.
608 1423 713 1484 eadem
735 1423 813 1484 bora
836 1442 948 1486 rursus
970 1423 1140 1486 bominibus
1164 1441 1241 1486 san-

61 1530 120 1608 quis
142 1530 289 1590 increscit.
329 1530 467 1590 convenit
488 1527 582 1609 ipit-ur
605 1525 692 1588 cdere
715 1525 832 1588 leviora
848 1534 876 1589 et
891 1527 1048 1610 indulqere
1064 1529 1144 1603 vino,
1169 1546 1241 1589 con-

62 1633 143 1693 suetis
171 1633 303 1694 veneriis
333 1632 483 1692 insistere.
524 1629 588 1692 dies
610 1637 682 1691 sunt
705 1631 736 1690 in
767 1637 881 1710 tempus
903 1629 1064 1692 bibernum
1085 1652 1122 1692 re
1130 1653 1155 1692 r.
1182 1632 1242 1693 ista

63 1741 138 1796 anns
158 1742 192 1796 ut
214 1736 310 1798 missu
332 1753 352 1794 a
374 1751 420 1794 me
448 1734 606 1814 scriptura
636 1732 823 1794 demonstrat
852 1734 973 1816 inteqra
995 1735 1093 1797 salute
1114 1734 1241 1796 relicum

61 1842 165 1916 ternpus
184 1835 280 1918 facile
302 1837 456 1918 transiqes
479 1839 545 1897 s'ine
567 1835 685 1897 camilli
706 1835 817 1896 latione
839 1836 1033 1898 medicorum.

134 1940 254 2000 xxvtl.
296 1938 447 2001 Claudius
476 1940 607 2000 Binetus
637 1957 678 1998 ex
711 1936 792 1999 libro
827 1939 978 2002 ecclesiae
1008 1941 1240 2002 Bellovacensis

61 2042 132 2103 inter
145 2043 204 2104 alia
221 2044 447 2123 epigrammata
472 2040 589 2121 quibas
612 2041 749 2104 Petronii
773 2058 889 2103 nomen
913 2043 1099 2123 inscriptum
1117 2053 1164 2104 est
1183 2043 1241 2104 hoc

60 2143 161 2220 edidit,
186 2145 359 2225 repetitum
383 2162 526 2224 nupera
550 2144 743 2206 Buechelero
766 2165 798 2225 p.
818 2145 892 2223 223,

221 2247 332 2309 Omnia
354 2265 433 2328 quae
455 2248 587 2310 miseras
606 2254 737 2328 possunt
754 2248 845 2327 finire
868 2250 1032 2329 querellas,

271 2351 303 2410 in
323 2357 466 2431 promptu
488 2351 582 2412 voluit
604 2349 755 2436 candidus
778 2367 843 2412 esse
866 2350 951 2414 deus.

226 2453 285 2514 vile
308 2452 375 2514 olus
397 2460 425 2515 et
447 2452 536 2514 duris
558 2452 719 2514 baerentia
741 2471 829 2513 mora
851 2454 965 2516 rubetis

266 2556 435 2637 puqnantis
458 2554 604 2618 stomachi
624 2573 815 2636 composuere
834 2555 960 2636 samem.

224 2657 349 2737 [lumine
371 2659 469 2720 vicino
492 2658 604 2720 stultus
626 2660 700 2734 sitit,
726 2659 830 2740 effaqit
851 2678 925 2719 euro

269 2779 336 2822 cum
359 2759 477 2823 calidus
501 2760 597 2841 tepido
620 2769 766 2823 consonat
788 2763 856 2844 ique
877 2781 980 2844 reque.

227 2863 281 2924 lem
303 2870 430 2924 armata
452 2862 534 2926 sedet
556 2863 761 2944 circumfero
783 2865 892 2926 limina
914 2872 1039 2945 nuptae,

269 2966 314 3026 nil
336 2966 442 3027 metuit
463 2964 542 3028 licito
563 2963 639 3044 fusa
658 2967 765 3046 puella
789 2975 863 3028 toro.

227 3069 306 3149 quod
328 3069 448 3129 satiare
467 3075 563 3147 polest
585 3067 669 3130 diaes
692 3077 809 3131 namra
831 3070 996 3146 ministrat,

248 3171 327 3253 quod
349 3170 433 3232 docet
455 3169 586 3250 infrenis
608 3171 708 3252 qloria
727 3172 788 3251 fine
809 3179 904 3234 caret.

59 3290 144 3334 versu
167 3283 280 3354 quarto
302 3273 424 3335 Dausae
447 3272 652 3335 scribendum
675 3273 846 3336 videbatur
866 3279 1039 3357 punqentis.
1080 3297 1143 3339 non
1167 3292 1241 3360 puto

60 3373 114 3434 dici
136 3375 330 3437 stomachum
348 3394 503 3455 pungere,
529 3386 564 3438 ut
580 3395 656 3438 sane
673 3378 835 3439 stimulare
853 3376 951 3440 fames
967 3377 1099 3442 dicitur:
1126 3384 1242 3462 poterit

59 3487 165 3558 autem,
191 3480 345 3540 nimirum
367 3479 400 3538 in
424 3481 651 3559 epigrammate
675 3497 737 3540 non
754 3481 882 3560 optimo,
908 3480 984 3542 ferri
1008 3501 1154 3562 pugnans
1176 3494 1244 3545 stoq

59 3582 191 3660 machus,
217 3599 410 3661 quamquam
434 3581 530 3642 multo
555 3583 671 3643 rectius
695 3591 806 3644 venter
828 3581 868 3643 ab
885 3584 1010 3644 Horatio
1027 3585 1128 3646 Serm.
1147 3605 1168 3646 ιι
1185 3588 1239 3646 85

60 3684 149 3747 iratus
178 3685 312 3763 dieitur,
345 3686 490 3746 saeviens
519 3685 560 3746 ab
588 3685 721 3765 Apuleio
744 3687 815 3747 Met.
835 3705 864 3746 rr
881 3685 911 3747 7.
937 3707 1033 3750 versu
1060 3688 1168 3750 ultimo
1192 3692 1241 3752 in·

56 3785 146 3863 frenis
167 3786 374 3848 scribendum
399 3807 469 3850 esse
484 3787 566 3849 vidit
582 3789 728 3850 Binetus:
756 3789 788 3848 in
812 3787 893 3849 libro
913 3790 1077 3852 invenerat
1095 3791 1237 3870 inferrus.

58 3887 132 3950 idem
155 3892 286 3953 Binetus
315 3891 450 3971 pulchre
479 3893 644 3971 perspexit
668 3909 763 3952 versu
786 3893 896 3971 quinto
926 3893 1031 3976 effuqit
1053 3894 1240 3957 mutandum

58 4007 119 4054 esse
152 3995 184 4054 in
220 4002 248 4056 et
280 3995 368 4076 ripet.
416 3995 485 4055 euri
519 3993 619 4074 frigus
653 3995 695 4055 ita
729 4005 992 4057 commemoratur
1024 4007 1059 4058 ut
1081 3999 1241 4078 Vergilius

57 4093 161 4177 Georg.
180 4116 203 4159 ιι
219 4098 282 4157 339
306 4095 388 4159 dixit
419 4096 555 4159 bibernis
585 4095 755 4178 parcebant
785 4097 909 4178 [latibus
943 4100 1023 4161 euri.
1077 4100 1134 4162 sed
1169 4122 1240 4164 max

58 4215 140 4280 roqits
163 4201 293 4281 ineptus
315 4210 374 4262 est.
415 4218 521 4280 neque
544 4219 619 4260 vero
639 4197 737 4280 focus,
768 4199 852 4280 quod
876 4202 1069 4265 Buechelero
1093 4205 1125 4266 in
1149 4225 1241 4268 men-

56 4309 111 4361 tem
132 4304 240 4383 venit,
271 4303 442 4383 quicquam
472 4302 614 4383 prodest.
653 4321 726 4364 nam
757 4322 828 4365 cum
859 4303 918 4365 hoc
946 4304 1119 4371 dicendum
1143 4321 1237 4388 esset,

57 4403 118 4466 sine
139 4416 270 4492 sumptu
299 4405 414 4467 famem
444 4407 530 4468 sitim
560 4404 661 4487 frigus
691 4405 808 4486 depelli
837 4424 948 4486 posse,
981 4428 1044 4470 non
1075 4412 1151 4473 satis
1172 4424 1241 4474 erat

57 4501 149 4570 focum
172 4527 421 4588 conmemorare,
447 4508 504 4572 sed
526 4508 684 4572 dicendus
700 4519 768 4570 erat
783 4519 837 4572 aut
858 4511 983 4574 alienus
1002 4523 1056 4575 aut
1078 4513 1237 4594 publicus.
