3178 5136
347 360 419 432 578
742 375 786 436 Ex
809 392 904 436 auu
928 375 1133 436 Βιιιοιιιιιιιιιι.

346 562 450 634 lanai<
481 571 513 624 at
541 555 644 633 ὅλοαῖς
671 561 860 645 ἐπαγωγαῖς,
894 559 987 623 valde
1017 559 1228 641 improbabilia
1258 571 1344 623 suut.
1391 559 1520 623 seriben-

345 667 422 730 dum
445 677 494 728 est

554 758 574 850 ἢ
597 761 720 838 ναύταις
741 761 864 851 ὀλοῇσιν
886 764 1042 850 ἑπαιιιρίοι
1067 767 1163 850 κῆρας
1186 755 1324 849 &omae

432 887 547 948 LXXX.
595 885 739 948 Catullus
763 887 802 947 lll
828 887 865 947 ll

598 1011 743 1068 ‘atcerte
765 1001 873 1068 tamen'
897 1005 1047 1086 inquiunt,
1076 1005 1167 1086 ‘prod
1188 1005 1251 1067 illic

552 1158 560 1172 .
593 1115 698 1170 namon
721 1107 835 1172 dicium
856 1125 931 1182 csse,
957 1107 1136 1188 conparasti

595 1209 637 1272 ad
660 1211 796 1274 lecticam
817 1205 973 1272 nomines!

346 1329 478 1391 mirifice
501 1332 533 1392 in
557 1329 607 1391 his
630 1330 708 1412 lapsi
733 1340 807 1393 sunt
830 1348 901 1392 cum
924 1329 978 1390 alii
1001 1329 1193 1408 interpretes
1214 1336 1282 1388 tum
1298 1329 1368 1409 ipse
1386 1328 1526 1410 Iosephus

346 1433 498 1513 Scaliger.
545 1433 728 1510 veritatem,
762 1451 844 1516 quae
873 1433 905 1494 in
935 1429 1102 1514 propatulo
1130 1440 1196 1508 est,
1228 1431 1386 1496 intellexit
1413 1431 1525 1494 isaacus

346 1536 485 1597 Vossius.
532 1537 587 1616 qui
617 1534 777 1598 commode
806 1535 913 1597 attulit
941 1532 1026 1615 quod
1054 1533 1163 1595 Cicero
1191 1531 1269 1595 dicit
1299 1534 1332 1594 in
1362 1533 1524 1596 Verremr

346 1637 363 1721 §
384 1637 426 1700 27
448 1657 534 1718 nam,
559 1646 593 1701 ul
613 1657 676 1702 mos
695 1638 758 1720 fult
778 1637 977 1720 Bithynorum
998 1635 1131 1722 repobus,
1157 1637 1262 1699 lectica
1284 1637 1440 1720 octaphoro
1452 1635 1523 1718 scra·

346 1741 457 1802 batur:
489 1759 681 1822 quamquam
710 1739 786 1803 inde
815 1759 878 1803 nou
907 1739 1112 1820 consequitur
1139 1739 1306 1802 inventum
1328 1739 1521 1820 Bithynorum

346 1842 498 1906 creditam
522 1861 592 1906 esse
615 1844 768 1906 lecticam.
815 1842 872 1905 sed
894 1841 1071 1904 confirmari
1095 1860 1148 1903 res
1167 1839 1297 1904 videtur
1316 1842 1379 1904 alio
1394 1844 1521 1903 testirm-

347 1947 410 2008 nia.
464 1947 550 2008 Valla
579 1947 613 2008 in
643 1945 800 2008 luvenalis
828 1954 886 2008 sat.
914 1945 926 2004 l
955 1965 986 2005 v.
1014 1945 1069 2006 tat
1098 1943 1273 2007 lectmamm
1302 1963 1408 2026 mum,
1439 1953 1520 2026 mput

350 2047 474 2128 hobus,
496 2049 594 2130 primi
614 2049 760 2112 dicuntur
782 2049 934 2110 invenisse
955 2047 1088 2128 stupor.
1129 2047 1219 2111 ‘idem
1242 2049 1276 2109 in
1299 2057 1358 2109 sat.
1377 2051 1396 2108 a
1417 2066 1446 2107 ιι.
1466 2047 1513 2106 aot

348 2149 451 2237 δίφρον
473 2153 635 2235 sipno'ficat,
659 2153 758 2236 inquit
781 2149 915 2214 hobus:
939 2149 1023 2232 apud
1044 2150 1187 2230 Bithynos
1210 2158 1310 2213 auum
1325 2169 1401 2212 nsru
1416 2151 1517 2212 nonae

348 2257 487 2317 lnocntros
509 2261 563 2316 est.
611 2258 637 2316 si
659 2257 733 2336 quis
754 2265 860 2320 tamen
883 2255 1045 2335 putaverit
1060 2251 1193 2315 Probum
1218 2251 1251 2315 ld
1274 2272 1315 2315 ex
1331 2253 1440 2316 Catulli
1459 2270 1516 2314 car-

348 2359 434 2420 mine
457 2355 619 2435 didicisse,
643 2376 706 2419 nou
730 2357 865 2419 multum
888 2349 1083 2436 refragabor.

433 2477 569 2538 XXXXl.
615 2477 762 2540 Horatius
784 2474 888 2538 Carm.
913 2494 936 2537 ιι
961 2477 999 2536 ts
1026 2477 1058 2536 ll

753 2614 807 2657 neo
825 2603 974 2678 potentem
996 2597 1128 2658 omnum
1586 2677 1587 2680 Ἴ

640 2698 779 2781 larplora
798 2698 913 2780 liupila

640 2803 716 2863 sotis
737 2799 843 2862 beatus
864 2801 963 2863 unicos
986 2788 1130 2863 Sabinos*

290 2938 334 2985 ιιι
350 2930 434 2982 recte
458 2919 628 3001 Porphyrio
650 2919 703 2981 loc
725 2927 784 2999 est,
815 2919 872 2982 nec'
898 2919 1030 3000 amplius
1061 2939 1082 2980 a
1103 2921 1276 2982 Maecenate
1301 2927 1385 3002 opto,
1416 2921 1465 3002 pul
1481 2937 1516 2978 ru

346 3024 423 3084 sutis
445 3021 564 3084 beatum
582 3020 655 3103 fecit
675 3021 818 3084 donando
840 3041 886 3082 me
907 3037 967 3082 uno
986 3020 1085 3103 fondo
1104 3021 1229 3084 Sabino.
1276 3032 1384 3086 contra
1399 3022 1516 3084 Orellius

347 3124 398 3185 vel
421 3124 597 3203 compilatus
619 3122 660 3185 ab
675 3144 712 3186 eo
730 3125 812 3186 alius
835 3125 941 3204 inepte
956 3125 1058 3186 utitur
1081 3124 1196 3206 plurali
1220 3124 1421 3208 praediorum
1441 3142 1516 3184 voca

347 3224 433 3288 bulo.
480 3245 585 3307 neque
609 3229 727 3288 rectius
749 3227 840 3288 multi
864 3225 969 3288 villam
993 3227 1111 3288 Horatii
1128 3225 1281 3289 Sabinum
1297 3226 1405 3289 dicere
1419 3227 1511 3289 solent.

347 3329 498 3391 nimirum
522 3327 612 3390 fundi
636 3331 691 3410 qui
714 3348 731 3390 a
753 3329 879 3410 populis
902 3327 1053 3392 dicuntur
1075 3328 1130 3391 ubi
1149 3348 1211 3392 nou
1227 3328 1358 3392 additur
1379 3315 1462 3392 iundi
1475 3327 1513 3387 rel
1584 3365 1585 3370 κ

348 3431 470 3510 praedii
492 3431 680 3494 vocabulum
703 3450 766 3493 nan
788 3431 961 3495 admittunt
982 3432 1069 3494 aliud
1097 3451 1214 3494 nomeu
1237 3451 1333 3513 quarn
1356 3434 1451 3514 ipsius
1470 3449 1512 3512 po

347 3534 414 3614 puli
436 3535 642 3615 plurativum.
689 3534 838 3596 Martialis
860 3535 935 3596 xll
961 3536 978 3594 9
1003 3533 1056 3596 sed
1077 3533 1212 3596 reddare
1233 3537 1294 3598 tuls
1310 3535 1430 3598 tandem
1443 3553 1512 3596 man-

346 3653 420 3698 sure
442 3636 575 3699 Sabinis.
624 3637 743 3699 Plinius
765 3639 824 3717 Ep.
843 3639 906 3698 ιι6
933 3639 1024 3700 ilrsct'
1042 3635 1195 3719 prandinc
1209 3641 1347 3718 waraei,
1369 3642 1400 3700 in
1414 3641 1513 3722 rrplone

350 3739 580 3821 Transpadana
602 3757 722 3801 summo
743 3737 935 3804 abundantia
958 3739 1011 3801 aad
1031 3757 1092 3820 par
1113 3741 1219 3804 ollitas
1240 3743 1413 3818 nostrata,
1435 3741 1512 3804 solnm
1583 3711 1584 3803 l

347 3842 420 3904 molti
440 3843 664 3904 Laurentinum
685 3860 785 3904 meum
806 3843 838 3903 in
860 3842 972 3904 reditu.
1019 3843 1101 3903 vat
1129 3861 1199 3904 cum
1220 3843 1347 3910 audisse
1361 3863 1408 3906 me
1421 3851 1513 3906 aaut

350 3946 460 4006 luscos
482 3960 561 4006 meos
581 3945 758 4024 patinarum,
783 3961 821 4005 ne
839 3942 973 4025 sacerna
988 3946 1129 4024 cucurti,
1154 3944 1227 4007 dum
1238 3953 1333 4027 panos
1349 3945 1509 4010 murtro.
1582 4001 1583 4016 ,

347 4044 466 4107 rorum
489 4043 507 4128 s
530 4045 569 4106 ιι
593 4045 684 4108 aaa
705 4065 819 4108 canoas
841 4065 899 4108 cor
921 4065 972 4129 ιρι
991 4049 1101 4110 uara
1122 4065 1203 4116 moa
1224 4049 1406 4112 roseata
1422 4047 1507 4111 raa-

347 4149 419 4208 tinia
440 4149 704 4230 Pramestinlsqoe
722 4167 922 4230 praeponam.
970 4169 1000 4212 rx
1016 4151 1056 4214 36
1075 4151 1087 4210 t
1115 4151 1345 4233 promiseram
1359 4152 1400 4214 ad
1412 4151 1509 4213 modun

347 4251 379 4312 in
405 4251 508 4313 Tuscis
523 4251 601 4314 dian
616 4257 729 4314 autam
750 4251 921 4332 disponam.
960 4271 991 4316 ιιι
1006 4253 1045 4316 lt
1060 4251 1172 4318 ειτίὸϊι
1186 4261 1350 4336 perprotar
1372 4253 1422 4318 aar
1431 4253 1509 4334 furtu

347 4351 467 4414 litteras
489 4369 572 4416 mcor
594 4351 703 4433 qulbus
727 4355 893 4436 copnooirti
920 4373 1007 4435 quem
1034 4355 1075 4418 ad
1100 4355 1223 4418 modum
1252 4357 1285 4418 ln
1311 4359 1411 4421 Tuscia
1435 4358 1508 4418 mon
1581 4361 1582 4368 ’

347 4455 472 4518 mrum
493 4456 659 4537 culparem.
707 4474 769 4518 uon
791 4457 885 4520 aliter
907 4455 1156 4537 intellegendum
1172 4459 1325 4539 estquod
1340 4460 1472 4524 llaraius
1483 4463 1507 4518 ιιι
