3182 5132
590 402 694 463 Virri.
1162 390 1236 462 479

62 583 175 662 lesisse,
200 587 351 649 nimirum
375 587 460 650 idern
483 588 569 669 quod
589 585 717 674 πλάνην.
764 601 870 652 contra
901 593 1019 653 erravit
1041 589 1236 674 Augustinus

61 705 124 746 cum
145 689 185 750 ita
208 690 260 752 illa
283 691 558 772 interpretaretur,
584 694 670 756 illum
692 697 745 776 pai
765 695 877 756 dr'citlrr
896 695 1024 775 fallam:
1055 696 1088 756 in
1111 715 1173 776 quo
1196 697 1235 760 de

61 787 173 852 diaholo
194 793 323 857 videtur
345 797 496 876 cogitasse
519 816 626 878 neque
649 800 725 860 satis
749 807 912 878 reputasse
928 817 1023 879 quam
1042 799 1145 863 aliena
1168 803 1236 862 eius

60 895 165 956 mentio
187 907 270 960 esset
292 917 311 960 a
334 899 516 980 Porphyrio.

134 998 293 1061 XXXVlll.
340 1000 389 1064 Ad
412 1020 542 1064 versum
564 1002 695 1083 Vergilii
717 1004 830 1084 Georg.
849 1023 878 1065 rr
894 1007 955 1068 289
978 1005 1118 1084 pertinet
1144 1005 1237 1067 scho-

59 1096 114 1158 lion
136 1101 219 1180 quod
249 1105 282 1166 in
313 1103 394 1166 libro
423 1106 576 1168 Beruensi
606 1107 648 1168 ita
677 1107 831 1187 scripturn
858 1117 920 1185 est,
950 1106 1097 1189 phaselis.
1140 1127 1235 1191 pertus

57 1204 171 1264 acomm
190 1207 345 1286 picturam
372 1207 539 1290 (pictarum
563 1208 632 1271 cod.
658 1207 755 1290 Pam),
786 1212 864 1273 sicut
888 1211 1041 1291 placillus
1070 1212 1120 1274 illc
1148 1230 1234 1293 quem

58 1307 152 1385 ephot
173 1317 325 1372 auctorem
357 1329 422 1374 csse
450 1313 578 1374 coemto
600 1313 790 1392 calcatorum
816 1333 903 1395 quem
924 1313 1029 1376 hebuit
1051 1313 1156 1396 hospes
1179 1315 1236 1377 Se-

57 1425 149 1470 renus.
189 1413 324 1476 lucilius
347 1413 429 1476 dicit.
469 1414 641 1496 depravata
659 1413 759 1477 verba
774 1433 869 1496 quam
886 1418 964 1479 miro
979 1417 1111 1478 artificio
1133 1436 1236 1498 nuper

58 1521 164 1574 mutata
186 1517 251 1577 sint
273 1520 421 1596 et'qnam
452 1519 532 1578 mira
563 1518 823 1598 interpretatione
848 1519 1002 1599 explicata
1024 1519 1132 1582 dicere
1155 1522 1235 1581 nihil

55 1611 212 1678 admodum
232 1617 365 1682 adtinet.
404 1619 610 1682 scribendum
627 1631 685 1699 est,
711 1620 818 1701 siquid
834 1620 938 1698 video,
961 1622 1109 1703 phaselis.
1139 1641 1234 1705 pertus

57 1719 170 1780 accium
187 1723 355 1801 pictarum,
381 1725 459 1786 sicut
477 1724 622 1816 phaselus
646 1712 702 1786 illc¹
726 1743 812 1806 wem
834 1726 878 1786 ait
899 1733 1008 1787 auctor
1030 1744 1094 1788 esse
1108 1727 1294 1787 contumace

55 1819 257 1902 celerrimum,
283 1843 370 1907 quem
384 1825 489 1888 babuit
503 1825 610 1907 torpes
627 1827 770 1888 Serenus.
811 1829 962 1907 magister
985 1829 1041 1908 qui
1060 1829 1138 1890 haec
1153 1828 1234 1890 adu-

55 1921 227 1988 lescentulis
250 1926 380 1990 dictavit
409 1927 562 2010 (relerunt
585 1930 670 1991 enim
694 1931 932 2010 grammaticum
955 1949 1018 1992 non
1040 1930 1233 1992 scribentem

54 2033 320 2109 commentarium,
353 2030 413 2094 sed
441 2034 474 2093 in
503 2033 608 2094 schola
630 2033 761 2112 Vergilii
792 2051 918 2095 carmen
943 2035 1229 2116 interpretantem),

54 2127 149 2208 itaque
179 2134 237 2212 qui
268 2134 346 2196 haec
374 2133 504 2197 dictavit
533 2137 721 2198 meminerat
749 2155 784 2198 se
814 2136 929 2216 legisse
959 2136 1131 2216 aliquando
1154 2137 1234 2200 illud

56 2230 188 2296 Plecclcs
212 2235 513 2318 illaqueationem,
538 2236 679 2318 hospites,
705 2235 756 2301 Ait
774 2237 872 2319 fcisse
893 2241 1019 2301 accium
1042 2241 1231 2316 celerrimae,

52 2333 101 2396 sed
123 2355 239 2400 nomen
268 2349 378 2428 poetae
402 2359 464 2403 non
494 2339 719 2420 succurrebat,
745 2359 850 2422 neque
873 2340 1011 2403 hahebat
1034 2342 1151 2406 librum
1174 2343 1234 2406 Ca-

53 2437 122 2516 tulli,
146 2439 205 2502 sed
229 2440 421 2522 praebuerat
444 2464 517 2507 eum
540 2444 614 2505 olim
629 2445 744 2524 hospes
760 2445 851 2506 cuius
866 2463 981 2506 nomen
997 2443 1097 2508 addit.
1129 2466 1233 2527 neque

53 2543 128 2603 euim
151 2545 203 2606 illa
227 2544 324 2608 rerba
348 2555 383 2608 ut
406 2565 490 2608 nunc
513 2545 643 2626 quidem
666 2549 784 2626 scripta
806 2557 914 2610 extant
936 2549 1029 2610 aliter
1050 2559 1104 2612 aut
1123 2569 1234 2612 emen-

53 2643 111 2707 dari
134 2659 187 2711 aut
212 2648 365 2728 explicari
388 2649 481 2730 poss'e
505 2649 583 2709 mihi
606 2647 765 2711 videntur.

128 2752 267 2812 XXXIX.
295 2752 510 2824 Quintilianus
525 2771 566 2812 ru
582 2753 601 2812 2
618 2752 657 2812 33
679 2750 770 2831 probi
790 2769 862 2814 vcro
884 2770 983 2815 mores
1005 2759 1033 2814 et
1055 2761 1125 2815 aare
1148 2762 1233 2816 actae

55 2853 123 2914 ritae
151 2856 316 2936 intepritnr
346 2873 511 2936 numquam
533 2874 594 2916 aaa
613 2854 783 2934 plurimam
802 2854 987 2935 prosu-criel.
1034 2856 1064 2916 si
1083 2855 1160 2918 nihil
1181 2857 1233 2918 ab

52 2955 165 3034 ichmr,
195 2966 352 3040 petronus
380 2959 499 3041 quidem
530 2959 561 3019 in
588 2956 642 3019 loc
663 2957 851 3020 vehementer
874 2957 1036 3038 lamnam,
1070 2969 1233 3022 accurator

52 3065 142 3120 uatem
166 3061 211 3123 ad
231 3070 421 3142 praesentem
444 3063 659 3143 quaestionem,
685 3059 721 3121 dc
737 3078 798 3142 qua
813 3061 880 3122 solo
896 3061 1041 3124 iudicium
1055 3061 1105 3140 sit,
1131 3065 1234 3145 capni-

51 3161 148 3224 tionem
177 3163 334 3247 ellipabit,
368 3164 470 3226 dicens
500 3164 647 3225 neminem
676 3182 737 3224 ooo
766 3163 932 3244 aliquando
954 3165 1086 3245 coepisse
1106 3183 1234 3246 peccare

18 3289 25 3316 ι
52 3281 97 3324 occ
119 3285 177 3347 pro
200 3268 328 3328 cocceio
350 3265 518 3328 ducendum
541 3266 638 3328 scelus
657 3268 805 3347 primum.
853 3267 922 3328 iure
945 3266 1086 3330 Halmius
1109 3270 1233 3332 encenia

52 3376 81 3424 ut
101 3366 310 3448 depravatum
332 3370 452 3431 notavit
475 3368 624 3448 idemque
647 3379 733 3430 recte
757 3368 839 3430 dixit
857 3388 916 3449 pro
938 3387 974 3430 rc
989 3370 1050 3432 leci
1061 3371 1113 3431 vel
1129 3371 1233 3433 simile

51 3469 163 3550 aliquid
194 3472 369 3552 expectari.
416 3481 492 3552 puto
520 3473 617 3552 igitur
640 3453 870 3543 Quintilianum
899 3473 1065 3552 scripsisse
1094 3491 1149 3536 acc
1173 3492 1233 3554 pro

52 3575 154 3636 naenia
177 3573 349 3636 ducendum
365 3574 463 3636 scelus
475 3575 622 3654 primum.
662 3575 793 3636 naenias
809 3573 890 3636 dixit
905 3592 1006 3654 nugas
1022 3572 1183 3638 Phaedrus
1199 3593 1232 3638 ιιι

52 3677 122 3751 prol.
142 3679 201 3756 tc,
235 3677 370 3759 lcpcrmc,
402 3694 534 3758 quaese,
558 3677 660 3756 potios
689 3677 764 3738 citer
786 3678 916 3738 naenias
940 3677 1103 3757 Impendas
1125 3695 1233 3740 ceram

51 3795 134 3856 pum
156 3783 205 3842 rei
225 3779 438 3855 domesticoci,
470 3788 501 3840 et
517 3778 575 3838 rrl
599 3779 655 3857 ll,
681 3779 735 3841 scd
757 3779 916 3861 dlltpcntcr
939 3781 1055 3841 intuere
1076 3779 1134 3841 hac
1155 3799 1233 3841 aoc-

52 3882 113 3943 aioa
134 3877 349 3967 (Capitolinus
377 3883 410 3943 in
435 3880 541 3943 Clodio
563 3879 678 3943 Albino
701 3901 729 3943 c.
751 3881 789 3942 li
813 3883 931 3944 naeniis
960 3880 1139 3961 quibasdam
1162 3883 1233 3943 arri-

52 3980 172 4070 libar.):
203 4004 310 4066 neque
338 3985 447 4062 aliter,
480 3991 572 4064 puto,
601 3983 762 4046 hruobius
784 4004 812 4046 rr
835 3986 872 4046 li
902 3985 1032 4046 ocenias
1060 3982 1229 4046 histrionis,

52 4091 269 4150 encaeniorum
298 4088 401 4152 medio
430 4106 509 4148 aevo
540 4087 738 4151 notissimum
767 4098 834 4150 crat
861 4084 1067 4162 vocabulum,
1104 4096 1138 4150 ut
1169 4105 1232 4149 non

52 4189 223 4254 mirandum
247 4191 288 4253 sit
311 4189 441 4252 librario
464 4189 643 4254 obvenisse.

130 4293 165 4355 ln
187 4296 348 4375 prooemio
371 4293 447 4355 libri
463 4313 515 4355 rur
532 4292 746 4366 Quintilianus
765 4311 803 4355 ea
819 4301 984 4356 enumerat
998 4311 1079 4374 quae
1096 4294 1129 4355 in
1144 4293 1232 4373 prio-

52 4392 133 4458 ribus
163 4396 256 4460 libris
284 4396 539 4478 pertractaverit.
587 4404 653 4459 tum
682 4397 724 4458 ita
748 4396 854 4476 pergit
875 4393 893 4478 ξ
911 4397 967 4474 tr,
1001 4396 1124 4457 credere
1146 4398 1231 4456 ruodo

50 4499 98 4574 pei
117 4499 210 4562 dmcct
231 4500 312 4562 velit.
361 4501 393 4561 in
418 4499 467 4562 his
489 4518 596 4581 neque
620 4499 734 4560 haereo
757 4516 863 4579 neque
886 4500 1056 4579 quicquam
1073 4496 1230 4560 excidisse

969 4617 1025 4668 ³1*
