3156 5132
554 395 722 456 Aaronom.
1161 381 1229 454 361

65 585 208 646 Patavium
230 605 263 666 p.
283 585 346 647 267
369 591 598 647 enumerantur
627 583 655 647 oi
684 580 752 670 oapi
780 580 843 648 ποῦ’
859 587 983 668 ποιητοῦ
1011 582 1232 669 συνταξάμενοι,

65 690 135 749 1ο1υτ
155 707 232 768 ques
255 697 330 750 sunt
349 680 546 759 Ἀπολλώνιος
569 685 751 772 γεωμέτρης,
775 681 956 772 Ἀρίστυλλον
979 685 1032 752 δύο
1053 686 1232 774 γεωμέτραι,

64 784 167 875 Πυρρος
183 787 322 875 Μάγνης.
367 801 475 871 postea
504 788 586 870 (nam
609 790 739 854 contusa
762 801 810 854 est
832 792 885 854 illa
909 793 1103 854 enumeratio
1127 794 1237 874 eplu-

65 894 149 975 ribus)
183 913 295 957 rursus
323 895 528 956 nominantur
551 888 736 979 Ἀρίστυλλος
766 893 875 979 μέγας,
903 888 1089 980 Ἀρίστυλλος
1119 890 1234 982 μικρός.

63 998 188 1078 Pyrrhus
209 1000 337 1079 Magnes
358 994 488 1060 aliunde
512 998 588 1058 mihi
612 1016 675 1060 nou
698 1007 790 1060 notus
813 1009 871 1060 est.
914 998 1136 1081 Aristyllorum
1158 1001 1238 1062 alte-

62 1101 120 1162 rius
142 1101 241 1162 utrius
264 1101 457 1163 mentionem
481 1098 554 1163 lacit
577 1101 770 1163 Ptolemaeus
794 1103 883 1164 initio
905 1101 980 1164 libri
1002 1104 1237 1166 Mathematioae

62 1215 217 1285 syntaxeos
232 1223 273 1266 ru
289 1225 322 1285 p.
343 1205 401 1265 161
419 1205 503 1283 Bas,
528 1213 550 1266 t.
569 1223 591 1266 u
615 1225 646 1285 p.
666 1206 684 1266 2
701 1206 839 1284 Halmae,
857 1206 913 1268 uhi
929 1205 1007 1268 dicit
1022 1206 1237 1289 Hipparchum

63 1306 97 1370 de
118 1316 199 1370 motu
221 1307 384 1370 stellarum
409 1306 543 1370 lixarum
566 1308 738 1370 coniecisse
758 1310 973 1390 potiusquam
990 1308 1172 1372 adfirmasse
1188 1304 1239 1373 διὰ

61 1405 89 1473 τὸ
109 1404 182 1475 πάνυ
204 1404 320 1493 ὀλίγαις
341 1405 399 1497 πρὸ
421 1410 530 1474 ἑαυτοῦ
551 1410 815 1497 περιτετυχηκέναι
837 1415 895 1475 τοῖν
919 1407 1060 1476 ἀπλανῶν
1081 1406 1234 1498 τηρήοεοι,

62 1507 159 1598 σχεδόν
186 1537 219 1578 τε
242 1511 348 1598 μόναις
369 1515 435 1586 ταῖς
458 1507 514 1578 ὑπὸ
532 1509 722 1599 Ἀριστόλλου
744 1510 795 1578 καὶ
817 1510 1018 1602 Τιμοχάριδος
1040 1508 1237 1603 ἀναγεγραμ-

60 1617 153 1699 μένοις
174 1612 225 1681 aod
245 1615 368 1691 ταύταις
383 1608 450 1682 οὔτε
473 1611 662 1690 ἀδιατάκτοις
681 1609 747 1681 οὔτ’
772 1618 1060 1704 ἐπεξειργασμέναις.
1100 1639 1238 1682 comme-

61 1731 151 1784 morat
172 1720 289 1785 deinde
312 1722 498 1804 Aristyllum
520 1743 553 1803 p.
575 1723 634 1783 168
659 1732 691 1784 et
716 1723 775 1783 loe
799 1725 883 1802 Bas,
916 1721 954 1784 17
978 1731 1009 1786 et
1034 1723 1071 1784 l8
1096 1724 1234 1787 llalmae.

60 1824 233 1905 Apollonius
257 1845 321 1886 non
337 1824 551 1888 dubitaverim
568 1826 646 1906 quin
664 1825 897 1906 intellegendus
913 1827 953 1888 sit
969 1827 1136 1908 Pergaeus.
1174 1829 1239 1890 Eu-

60 1927 150 1990 clides
171 1939 350 2010 geometres
373 1947 435 2011 qua
457 1929 558 2010 patria
583 1926 679 1991 luerit
702 1928 806 2008 nullo,
838 1939 992 2010 quantum
1014 1932 1096 2011 scio,
1128 1941 1237 1994 vetere

60 2033 227 2094 testimonio
249 2039 386 2094 constat:
413 2050 489 2094 num
512 2029 708 2094 credendum
731 2033 773 2093 sit
788 2033 928 2097 Siculum
951 2053 1025 2096 eum
1049 2034 1146 2096 luisse
1162 2033 1239 2098 doc-

59 2135 181 2198 tioribus
204 2133 434 2218 explorandum
458 2135 614 2215 relinquo.
664 2135 716 2197 illa
738 2145 843 2198 autem
866 2155 975 2200 corum
999 2139 1054 2218 qui
1078 2136 1118 2200 de
1141 2135 1236 2200 Arato

59 2240 248 2302 commentati
277 2249 352 2302 sunt
381 2239 577 2302 enumeratio
605 2239 726 2319 pariter
754 2247 849 2320 atque
879 2241 986 2302 variae
1016 2259 1098 2322 quae
1129 2250 1239 2303 extant

59 2341 137 2404 Arati
160 2345 241 2405 vitae
265 2343 417 2406 remansit
440 2361 480 2404 ex
502 2341 701 2422 plenioribus
723 2343 797 2404 olim
820 2343 964 2425 scholiis,
993 2364 1099 2427 neque
1122 2346 1238 2407 mirum

59 2455 101 2507 est
129 2445 202 2508 inde
233 2444 357 2528 aliquid
378 2443 551 2507 Arceriauo
582 2445 663 2506 libro
685 2445 861 2509 admixtum
884 2467 966 2510 esse.
1013 2466 1086 2510 narn
1109 2448 1237 2510 Latinae

59 2547 174 2631 linguae
203 2549 243 2612 ad
266 2548 449 2611 barbariem
472 2550 634 2630 vergentis
656 2549 852 2630 temporibus
875 2551 908 2612 in
932 2551 1112 2614 Latinorum
1136 2551 1238 2612 homi-

61 2670 128 2715 num
149 2653 263 2716 scholis
286 2651 383 2716 luisse
406 2653 545 2734 aliquem
569 2654 865 2717 commentariorum
890 2654 1015 2716 illorum
1036 2673 1130 2717 usum
1146 2663 1238 2716 vetus

60 2757 134 2818 ritae
148 2757 234 2820 Arati
258 2757 478 2837 interpretatio
501 2755 592 2818 docet
614 2775 709 2838 quam
732 2757 861 2818 lriartes
884 2758 917 2818 iu
940 2758 1078 2839 catalogo
1093 2756 1236 2821 ecdicum

59 2858 238 2922 Graecorum
271 2859 482 2922 bibliothecae
511 2859 702 2922 Matritensis
731 2857 844 2923 edidit.
899 2870 1009 2923 extant
1037 2861 1106 2924 eius
1136 2862 1238 2922 inter-

60 2964 235 3041 pretationis
258 2963 409 3044 conplura
430 2963 493 3024 alia
516 2962 710 3042 exemplaria
733 2981 834 3043 eaque
857 2962 950 3025 valde
972 2964 1114 3046 antiqua.

137 3069 229 3129 XXX.
261 3067 419 3148 Vergilius
442 3066 554 3148 Georg.
573 3085 603 3129 ιν
618 3066 700 3146 360,
732 3075 898 3147 postquam
928 3065 1010 3129 dixit
1033 3066 1180 3150 Cyrenen
1202 3075 1237 3129 ut

60 3169 212 3234 Aristaeus
235 3171 318 3233 lilius
340 3169 381 3231 ad
403 3187 437 3232 se
460 3161 550 3233 adire'
573 3178 679 3251 posset
700 3168 830 3232 flumina
847 3169 1011 3233 discedere
1028 3171 1169 3249 iussisse,
1194 3171 1236 3232 ita

59 3276 164 3354 pergit,
187 3281 220 3337 ct
242 3273 328 3336 ittam
352 3273 489 3335 Gurvoto
511 3275 543 3334 io
566 3274 675 3336 montis
694 3271 806 3355 faciem
828 3275 1024 3338 circumstetit
1044 3274 1130 3336 uodo
1143 3269 1236 3336 Acce-

57 3377 150 3458 pepe
176 3379 247 3440 sinu
276 3385 361 3440 vasto
391 3377 529 3458 ταλνίιρυυ
550 3375 606 3438 aab
629 3395 757 3439 amnem.
806 3378 920 3440 montis
943 3379 1111 3459 imaginem
1136 3378 1236 3439 inter-

62 3489 157 3559 pretes
179 3480 291 3545 dicunt
312 3491 471 3562 sumptam
494 3499 564 3542 esse
593 3475 634 3542 ex'
656 3481 702 3544 eis
725 3498 808 3561 quae
832 3483 864 3542 in
888 3480 1048 3564 Odysseae
1065 3500 1095 3543 ur
1109 3482 1169 3543 113
1194 3479 1234 3542 de

61 3582 193 3664 Neptuno
215 3595 247 3647 et
263 3585 344 3666 Tyro
359 3584 517 3647 Salmonei
540 3583 603 3646 lilia
626 3594 807 3665 narrantur,
824 3580 994 3670 πορφύρεον
1018 3578 1046 3647 δ’
1075 3575 1134 3669 ἄρα
1154 3585 1236 3666 κῦμα

57 3681 229 3772 περιστάθη,
264 3677 347 3772 οὔρεϊ
372 3684 454 3768 ioca,
490 3682 668 3772 Κυρτωλλὲν,
701 3682 812 3774 κρύψεν
834 3679 869 3752 δὲ
891 3682 962 3752 θεὸν
985 3680 1099 3772 θνητήν
1121 3709 1153 3750 τε
1175 3709 1234 3771 γυ-

59 3791 149 3854 ναῖκα.
193 3790 251 3855 scd
274 3791 478 3854 memorabile
501 3799 550 3854 est
572 3789 657 3873 quod
679 3791 711 3853 in
727 3793 854 3855 scholiis
869 3790 1086 3856 Bonnensibus
1101 3809 1118 3852 a
1134 3791 1235 3852 lluel-

60 3891 119 3956 lero
145 3896 237 3959 editis
265 3895 307 3957 ad
328 3894 458 3976 Vergilii
482 3913 609 3957 carmen
632 3894 827 3977 adscriptum
850 3905 915 3976 est,
945 3895 1025 3958 hunc
1047 3913 1171 3958 versum
1193 3911 1235 3954 em

61 3997 172 4062 Herodi
191 4017 324 4084 ρραυοοπ
345 3999 513 4062 transtulit.
560 3997 600 4061 de
623 4017 685 4080 qua
709 4019 744 4061 re
764 4019 801 4062 eo
817 4001 922 4063 minus
937 3996 1156 4061 dubitabimus
1171 4016 1234 4077 quo

60 4105 166 4166 certius
195 4113 242 4166 est
264 4101 306 4166 de
325 4103 447 4186 Cyrene
472 4101 660 4165 etAristaeo
683 4104 715 4164 in
739 4105 878 4165 carmine
901 4100 1047 4165 Hesiodio
1070 4109 1233 4162 narratum

60 4223 132 4267 esse.
175 4210 265 4270 euius
294 4207 486 4268 narrationis
516 4206 618 4286 ipsum
649 4207 774 4268 initium
797 4214 958 4268 servatum
980 4213 1028 4268 est
1050 4205 1084 4266 in
1107 4203 1234 4268 scholiis

62 4305 92 4366 in
107 4309 224 4373 Pindari
241 4273 330 4392 Pylii.
350 4312 368 4370 9
387 4312 417 4390 6,
442 4301 462 4394 ἢ
485 4304 535 4393 οἵη
558 4305 642 4393 Φθίη
665 4304 807 4393 Χαρίτων
831 4299 890 4373 ἄπο
905 4304 1015 4380 κάλλος
1030 4304 1146 4394 ἔχουσα
1160 4303 1234 4390 Πη-

59 4414 133 4475 νειοῦ
151 4408 224 4499 παρ’
249 4405 331 4499 ὕδωρ
353 4405 433 4497 καλὴ
455 4409 575 4476 να1εονε
598 4406 740 4496 Κυρήνη,
773 4411 952 4476 Aristaeum
974 4422 1079 4474 autem
1103 4411 1234 4474 Servius

62 4513 92 4572 in
119 4515 222 4599 Georg.
249 4537 257 4578 ι
284 4519 321 4579 11
353 4525 459 4579 narrat
489 4515 530 4578 ab
560 4515 692 4578 Hesiodo
722 4514 785 4578 diei
808 4515 984 4598 Apollinem
1012 4503 1257 4596 pasto'ralemtt
