3182 5132
590 365 693 428 vion.
1162 350 1235 423 463

57 553 180 613 motione
202 559 235 614 et
258 551 349 614 verbi
372 560 516 632 tempore
538 558 573 614 ut
593 554 695 614 omniu
712 553 962 616 dinumerarent:
986 555 1043 618 sed
1058 563 1126 617 arte
1141 564 1237 635 atque

57 653 266 736 probabilitate
301 666 388 716 caret
422 653 507 736 quod
541 653 634 716 inde'
651 655 797 718 iecerunt
829 676 867 718 ue
896 659 999 718 omnia
1034 657 1234 719 dinumerem.

57 768 209 837 praeterea
232 757 309 819 ierri
334 777 396 820 non
420 767 523 840 potest
545 776 609 821 esse
628 756 791 839 facienda,
817 779 875 841 pro
898 779 961 841 quo
984 759 1048 822 dici
1071 757 1237 841 oportebat

54 861 151 940 luisse.
198 862 240 922 ita
264 861 379 941 potius,
405 861 466 922 nisi
491 859 589 940 fallor,
617 859 696 924 baec
718 861 889 926 scribenda
911 871 995 942 sunt,
1023 881 1118 945 neque
1140 864 1238 924 Sera-

55 965 200 1044 pammoni
226 971 369 1046 quartam
399 965 542 1046 lepeonem
572 954 753 1026 eredendum
773 963 872 1046 fuisse
895 973 932 1040 et,
959 974 993 1027 ut
1015 967 1116 1027 omnia
1139 965 1237 1027 dinu-

59 1085 171 1128 merare
193 1068 326 1144 mittam,
352 1064 579 1148 nonfacienda
602 1087 682 1149 quoe
700 1067 772 1148 feci.

133 1169 166 1229 ln
189 1169 357 1248 Capitolini
380 1170 511 1231 Maxima
536 1180 567 1233 et
588 1170 720 1231 Balbino
743 1172 808 1232 ab
833 1171 910 1232 lraee
933 1172 1048 1252 scripta
1073 1178 1157 1248 suist,
1183 1189 1235 1252 epo

55 1273 196 1351 principes
219 1272 296 1350 dico,
322 1290 375 1334 uos
395 1273 515 1351 firmate
537 1273 567 1334 si
584 1274 697 1353 placet,
722 1275 752 1335 si
772 1275 885 1350 minus,
911 1274 1050 1335 meliores
1072 1272 1236 1335 ostendite:

59 1376 221 1436 domimum
252 1377 347 1458 ipitur
375 1383 464 1456 otqm
492 1374 675 1455 Balbinum,
713 1395 843 1458 quorum
873 1395 955 1438 uuus
986 1377 1018 1436 in
1046 1394 1081 1437 re
1108 1376 1240 1438 militari

58 1486 150 1540 tontes
171 1486 215 1540 est
237 1488 272 1540 ut
293 1478 478 1540 nobilitatem
500 1481 620 1561 qeneris
643 1479 803 1559 splendore
825 1481 950 1542 virtutis
966 1479 995 1540 ei
1009 1479 1132 1556 Iemerii,
1159 1480 1238 1540 alter

59 1583 96 1640 ita
123 1583 226 1644 clarus
254 1581 411 1643 trabilitute
439 1589 485 1642 est
512 1589 548 1643 ut
576 1590 605 1644 et
632 1601 750 1643 morum
782 1583 904 1644 leuitate
927 1579 1133 1662 reipublicae
1155 1578 1238 1664 [sit]

59 1686 240 1746 necessarius
264 1695 292 1746 et
314 1687 394 1746 uitae
416 1686 635 1760 sanctimonia,
666 1704 760 1767 quom
784 1707 804 1747 a
823 1687 929 1766 perimo
951 1691 1050 1746 aetate
1072 1685 1104 1744 in
1127 1683 1238 1746 studiis

58 1803 163 1866 semper
191 1807 228 1849 oe
252 1789 361 1850 litteris
384 1789 489 1849 tenuit.
538 1787 635 1850 luisse
658 1789 826 1852 Maximum
850 1806 968 1868 genere
992 1785 1082 1850 valde
1106 1785 1238 1866 ignobili

59 1908 88 1949 ea
109 1890 218 1952 docent
241 1908 324 1971 quoe
340 1889 536 1971 Capitolinus
559 1910 586 1952 c.
605 1890 623 1950 5
648 1899 766 1970 narrat,
793 1892 933 1954 lluoeimo
946 1897 1038 1970 pater
1050 1889 1113 1970 fuit
1128 1891 1238 1952 eroar-

60 2009 132 2068 mus,
165 2011 246 2055 unus
269 1993 406 2074 eptem,
439 2002 475 2055 ut
495 2012 556 2054 nou
578 1993 659 2055 nulli
679 1994 785 2055 dicuni
803 1993 895 2074 saber
913 1993 1093 2074 ferrarius,
1127 2002 1162 2054 ut
1184 1993 1240 2054 alii

59 2095 212 2158 raedarius
235 2095 445 2159 vebiadarius
464 2095 659 2178 fabricator,
692 2095 746 2158 ubi
771 2099 849 2158 mira
873 2095 1029 2176 quaedam
1052 2106 1083 2156 et
1106 2096 1237 2157 fortasse

61 2198 216 2260 minuenda
247 2199 403 2260 sermonis
431 2198 626 2262 abundantia
649 2209 713 2260 est:
744 2199 866 2262 Balbini
891 2198 1088 2261 nobilitatem
1112 2197 1238 2279 Capito-

60 2299 133 2362 linus
160 2322 187 2363 c.
213 2303 232 2362 7
264 2303 481 2382 persequitur.
529 2302 635 2382 itaque
673 2299 868 2364 nobilitatem
898 2302 1027 2363 Maximo
1064 2301 1129 2364 illic
1160 2301 1237 2363 falso

60 2401 145 2466 tribui
167 2405 397 2467 intellexerunt
419 2405 543 2485 Lipsius
560 2403 764 2467 Casaubonus
780 2405 952 2466 Salmasius
974 2405 1038 2482 alii,
1065 2403 1120 2466 sed
1145 2423 1238 2466 nemo

60 2505 201 2583 probabili
233 2505 454 2569 emendatione
484 2508 674 2569 senteutiam
698 2508 837 2570 restituit
860 2515 1134 2587 monstrosumque
1159 2505 1237 2569 illud

59 2609 83 2668 ei
107 2609 216 2673 leserit
244 2611 392 2672 correxit.
440 2611 516 2671 mihi
548 2609 677 2672 videtur
703 2608 912 2672 scribendum
936 2628 1006 2671 csse
1028 2617 1063 2670 ut
1084 2608 1237 2670 vilitatem

58 2714 166 2790 pencris
193 2713 353 2794 splendore
381 2714 506 2775 viruetis
537 2714 697 2789 evexerit,
731 2713 810 2773 alter
833 2722 894 2774 etc.
940 2714 981 2774 sit
1008 2708 1093 2791 quod
1123 2711 1237 2773 seclusi

60 2811 219 2878 delendum
241 2817 348 2898 potius
371 2833 440 2877 esse
464 2833 578 2877 censeo
601 2835 712 2896 quarn,
739 2813 823 2895 quod
847 2833 951 2895 nuper
973 2815 1089 2876 lactum
1113 2823 1177 2891 est,
1204 2814 1237 2875 in

60 2925 97 2976 est
117 2920 312 2982 mutandum.

135 3022 226 3082 ΧΧΙΙ.
252 3023 396 3084 Valerius
419 3023 546 3084 Flaccus
562 3040 603 3083 ru
619 3021 681 3082 355

202 3127 335 3207 cinqitur
357 3125 427 3186 inde
449 3127 537 3186 sinus
560 3134 598 3200 et,
624 3145 686 3207 qua
709 3123 769 3186 sibi
787 3123 852 3204 fido
875 3125 975 3207 mapis
998 3124 1046 3184 uis

201 3229 301 3303 nulla,
330 3227 521 3289 Prometheae
539 3227 644 3307 florem
668 3227 704 3288 de
725 3227 877 3310 sanquine
897 3227 994 3306 fibrae

204 3331 393 3394 Caucaseum
413 3331 528 3412 proruit
550 3332 728 3412 nutritaque
749 3330 895 3412 prastino
914 3331 1001 3409 ponti
1050 3339 1056 3352 “

201 3453 279 3515 quae
303 3453 393 3496 sacer
415 3435 466 3496 ille
488 3435 575 3494 uiues
599 3434 678 3493 iuter
701 3434 862 3513 tristesque
882 3433 1017 3511 pruinas

201 3537 298 3599 durat
320 3537 438 3619 editque
460 3554 554 3597 eruor
576 3554 645 3596 eum
668 3536 782 3598 viscere
804 3535 912 3596 uultur
935 3535 1027 3596 adesa

201 3638 319 3701 tollitur
342 3658 357 3700 e
379 3638 511 3721 seopulis
534 3647 562 3700 et
583 3646 683 3700 rostro
707 3640 829 3699 inrorat
852 3644 975 3716 aperto:

201 3743 278 3804 idem
301 3761 355 3804 nee
378 3742 461 3824 lonqi
482 3742 651 3825 lanqueseit
670 3739 785 3821 finibus
809 3741 882 3800 aevi

202 3845 364 3907 inmortale
386 3846 502 3920 uirens,
529 3844 606 3906 idem
629 3851 691 3904 stol
710 3841 847 3923 fulmina
869 3850 974 3903 couno

202 3949 331 4031 sanquis
354 3955 382 4010 et
404 3948 436 4009 iu
459 3947 565 4010 mediis
585 3947 750 4027 florescant
772 3943 893 4028 ipuibus
914 3943 1037 4005 herbae.

64 4063 161 4111 versus
188 4052 331 4132 quinque
360 4052 484 4131 priores
512 4059 544 4111 et
566 4049 694 4130 triginta
722 4057 788 4110 tres
818 4048 873 4128 qui
904 4045 1097 4109 antecedunt
1120 4046 1238 4109 desunt

64 4147 89 4208 in
115 4151 191 4215 libro
212 4155 376 4234 Vaticano,
410 4155 501 4216 cuius
530 4153 583 4214 hie
613 4171 677 4213 una
705 4149 823 4214 scheda
854 4150 958 4230 periit.
1006 4149 1038 4210 in
1061 4150 1238 4214 Monacensi

64 4249 142 4333 libro,
166 4256 221 4336 qui
246 4258 277 4318 in
302 4257 404 4318 vicem
420 4257 560 4319 Vaticani
584 4254 737 4331 succedit,
763 4269 858 4315 versu
882 4253 991 4333 quinto
1014 4253 1166 4334 scriptum
1192 4263 1239 4314 est

65 4353 140 4418 liuro
161 4359 295 4442 tedique,
328 4347 394 4421 sed¹
419 4378 514 4441 supra
537 4361 549 4418 i
571 4357 612 4420 ab
635 4357 695 4418 alia
719 4373 814 4418 manu
838 4363 849 4418 t
870 4353 1025 4418 additum.
1074 4373 1155 4436 quae
1179 4354 1298 4417 de-tst

64 4473 175 4533 provata
209 4473 284 4526 sunt
317 4463 349 4524 in
379 4463 429 4526 his
462 4461 610 4524 versibus
645 4459 762 4522 irustra
795 4459 869 4521 olim
902 4458 1050 4521 Heinsius
1079 4460 1239 4540 corrigere

976 4576 1031 4628 stt*
