3160 5132
227 426 455 487 Unumuuurns
478 445 529 486 tus
551 444 636 487 utun
659 445 776 489 mim
798 443 1007 490 unuuscflturr.
1136 411 1207 488 153
1317 511 1319 516 Ι

107 633 153 675 sua
173 632 190 674 a
209 615 323 696 pqpulo
346 615 545 696 reperiretur
568 617 600 677 in
623 615 709 678 lonte
733 614 862 679 Claudio
884 617 975 698 aquis
991 616 1128 699 publicis
1143 620 1209 682 ela-

107 735 186 795 vere,
216 735 268 780 rea
296 718 376 780 tenti
405 719 549 782 criminis
578 737 659 800 qune
689 718 831 782 fontanos
859 720 990 784 haustus
1015 723 1065 787 sui
1088 724 1210 785 cruoris

106 821 278 884 esordibus
300 821 491 885 defoedabat
511 821 672 903 lapidibus
694 822 872 887 ducebatur
894 825 1026 888 exitium
1049 825 1206 890 subitura.

104 943 174 1004 quae
202 935 368 1007 postquem
396 928 482 989 inter
511 945 628 990 cuneos
650 928 864 990 accusantium
887 928 1057 991 Honorium
1080 929 1113 991 in
1136 931 1210 992 vin-

69 1027 173 1090 teulis
204 1030 330 1092 astricta
362 1030 545 1111 prospexit,
583 1030 765 1093 ‘miserere'
800 1030 914 1112 inquid
950 1032 1149 1095 ‘scholastice
1179 1041 1211 1095 et

103 1133 201 1211 generi
223 1151 304 1210 meo,
328 1133 355 1195 si
379 1131 458 1213 quid
480 1151 535 1196 ore
557 1141 658 1214 potes,
684 1132 831 1197 defensor
853 1133 991 1196 accede)
1036 1136 1086 1197 cui
1106 1137 1210 1198 Hono-

103 1235 161 1296 rius
181 1253 363 1316 supremum
387 1237 571 1317 imploratus
593 1236 747 1300 auxilium
770 1238 813 1299 ita
829 1236 1004 1318 respondit,
1033 1238 1148 1301 ‘latere
1164 1249 1207 1318 te,

102 1337 223 1416 mulier,
254 1338 366 1401 sordes
395 1340 442 1402 tui
470 1341 592 1402 cruoris
621 1339 706 1403 fonte
729 1339 859 1403 Claudio
887 1339 1077 1404 emundasse
1106 1351 1142 1405 ut
1170 1360 1210 1403 ex

101 1441 152 1502 hoc
172 1442 230 1504 iam
253 1451 360 1524 posset
381 1443 519 1524 populus
534 1444 691 1506 Romanus
714 1444 899 1524 inquinatus
922 1445 1048 1508 teneri)
1093 1463 1210 1526 repon-

57 1545 82 1602 tc
101 1545 180 1625 tique
201 1565 272 1608 mox
293 1546 418 1609 oraculo
441 1565 533 1608 versa
556 1548 589 1609 in
612 1549 805 1610 contrarium
827 1549 930 1610 contio
953 1556 1021 1626 est,
1047 1568 1088 1610 ne
1110 1547 1210 1610 lamo-

102 1666 163 1710 sum
191 1647 331 1712 dedecus
358 1635 475 1730 gentes¹
505 1669 607 1731 usque
636 1659 762 1714 exteras
790 1652 976 1732 perveniret
1005 1661 1037 1714 et
1065 1671 1119 1714 rea
1141 1671 1211 1713 ser-

101 1761 164 1814 vata
190 1763 406 1816 accusatorum
436 1754 566 1817 vocibus
589 1753 781 1819 clamabatur
803 1763 977 1818 matronam
1001 1755 1122 1819 lacinus
1144 1775 1207 1818 non
1218 1767 1266 1816 tta

101 1853 214 1919 iecisse.

230 1977 277 2039 De
299 1985 399 2040 matre
423 1987 549 2060 reperta
572 1997 653 2058 quae
677 1977 776 2042 tilium
799 1977 987 2060 denegabat.

62 2097 83 2154 u
99 2097 223 2170 Quidam
246 2099 384 2160 moriens
407 2100 439 2160 in
462 2101 553 2162 cunis
576 2099 674 2162 lilium
695 2110 727 2162 et
741 2118 871 2162 uxorem
887 2101 1075 2181 superstites
1090 2099 1209 2162 dereli-

101 2201 170 2280 quid
200 2220 302 2282 eaquo
332 2221 411 2264 uxor
438 2211 473 2264 ut
495 2203 704 2265 maximarum
733 2202 861 2265 divitias
883 2201 1065 2266 facultatum
1089 2204 1154 2266 sola
1176 2221 1212 2264 no

101 2301 222 2366 liberior
243 2303 411 2367 incubaret
433 2306 548 2368 calcato
570 2305 698 2386 pietatis
713 2306 827 2368 affectu
843 2305 969 2368 mollem
985 2307 1050 2368 nati
1067 2306 1210 2387 iugulum

102 2408 198 2488 rumpi
226 2407 330 2488 gladio
360 2408 485 2471 famulis
515 2409 694 2490 imperavit.
741 2409 795 2488 qui
818 2409 1035 2471 ministmrum
1058 2408 1212 2472 beneficio

103 2509 182 2572 silvis
210 2511 372 2593 expositus
399 2513 431 2574 in
454 2511 581 2575 adultae
604 2511 779 2575 iuventutis
801 2510 900 2574 robur
921 2513 1027 2574 nescia
1051 2513 1213 2594 genetrice

58 2611 84 2668 il
102 2615 238 2692 pervenit
268 2623 301 2676 et
331 2613 407 2677 dum
437 2614 575 2676 lamiline
604 2615 688 2677 clera
716 2613 842 2676 suboles
873 2614 973 2678 latere
1002 2633 1064 2677 non
1093 2623 1211 2696 posset,

102 2734 217 2778 avaram
240 2729 384 2798 matrem,
410 2737 491 2799 quae
514 2737 643 2781 suorum
659 2719 776 2799 pignus
790 2719 948 2780 viscerum
963 2737 1027 2781 non
1042 2737 1213 2800 agnoscere

102 2819 277 2902 simulabat,
309 2822 433 2884 iuvenis
456 2823 489 2883 in
512 2819 665 2882 iudicium
688 2821 887 2901 provocavit,
919 2840 1056 2902 cumque
1078 2820 1210 2901 divitiis,

102 2925 264 3001 patrocinio
287 2925 442 3004 mulieris,
466 2933 530 2987 tota
550 2924 685 2986 forensis
707 2925 794 2986 curia
811 2933 843 2986 et
857 2933 930 3006 toga
944 2923 1124 3005 plauderet,
1149 2924 1213 2986 sole

104 3045 194 3105 puero
215 3038 264 3091 est
286 3029 402 3091 Honori
423 3027 566 3090 defensio
582 3026 744 3107 derelicta,
768 3025 874 3108 adque
891 3026 1009 3090 indicto
1025 3027 1078 3090 die
1093 3028 1214 3090 exami-

59 3125 86 3184 tt
105 3129 158 3208 nis,
182 3130 257 3194 dum
280 3132 493 3212 praestolante
513 3141 613 3193 matre
628 3129 770 3194 tribunal
784 3150 802 3192 a
817 3131 985 3196 causidicis
997 3139 1211 3212 premeretur,

104 3233 178 3296 solus
206 3255 246 3297 ex
276 3235 405 3298 consilio
428 3232 545 3297 absens
567 3235 660 3315 pueri
682 3243 834 3315 patronus
856 3232 976 3297 diutius
999 3233 1215 3315 quaerebatur

104 3353 193 3418 eoque
214 3357 276 3400 uon
300 3347 469 3420 praesente
492 3337 607 3399 victrix
629 3355 687 3418 pro
710 3336 844 3399 muliere
868 3339 1028 3401 sententia
1051 3337 1164 3401 iudicis
1180 3337 1213 3400 in

104 3457 150 3501 cre
169 3440 339 3523 pendebat.
386 3459 461 3502 nam
483 3439 562 3522 quid
585 3440 648 3502 lilio
670 3449 805 3522 negante
828 3449 928 3504 matre
950 3439 1086 3504 facunda
1102 3439 1214 3504 deien-

124 3701 144 3749 ⁴.
166 3703 190 3750 a.
214 3699 321 3751 elevare
345 3696 522 3766 Suanetes
547 3700 575 3752 S.
593 3695 609 3768 li
632 3704 658 3751 t.
684 3712 699 3749 e
723 3697 865 3751 sordibus:
894 3714 916 3750 r.
943 3699 1069 3751 Muooker
1090 3713 1126 3751 rc
1146 3700 1213 3765 Huc.

60 3779 143 3836 itt-tt.
159 3783 169 3851 it
184 3785 327 3838 ducibatur
344 3784 474 3837 oxiduum
492 3787 520 3838 S.
544 3783 554 3853 ΙΙ
577 3789 602 3838 t.
622 3786 792 3837 sonantium
807 3787 833 3838 S.
853 3783 864 3852 ΙΙ
881 3789 905 3838 t.
926 3783 1067 3837 scolastice
1086 3785 1114 3837 S.
1133 3784 1215 3836 scho-

61 3863 144 3922 lasticus
165 3873 202 3923 ota
224 3873 399 3938 carmentet
423 3875 492 3925 does
516 3873 685 3925 rootwatterr
702 3873 829 3924 orlttctm
848 3871 1019 3935 Gottofrodur
1036 3883 1098 3923 nen
1121 3871 1211 3923 Ttood.

61 3953 100 4001 ct.
115 3961 136 4016 a,
150 3963 187 4018 to,
200 3965 225 4015 a.
243 3957 296 4026 119.
316 3959 402 4024 possit
421 3959 447 4010 S.
472 3956 482 4026 ΙΙ
505 3963 547 4010 tt.
568 3963 740 4010 sensatorum
759 3959 786 4010 S.
811 3957 822 4026 11
845 3961 885 4008 tt.
905 3969 975 4022 quae
993 3957 1028 4008 ed
1047 3955 1134 4007 lilium
1154 3959 1182 4008 S.
1204 3957 1215 4026 ΙΙ

63 4039 91 4086 u.
105 4051 191 4096 uxores
212 4045 240 4096 S.
264 4042 275 4111 ΙΙ
299 4043 470 4109 derelinquid
495 4045 522 4096 S.
547 4042 558 4113 ΙΙ
581 4043 632 4096 hac
656 4044 684 4095 8.
708 4041 718 4112 ti
743 4048 784 4094 tu.
805 4042 890 4095 rubor
910 4043 938 4095 S.
963 4037 974 4108 ΙΙ
997 4043 1182 4106 genitrices?
1205 4041 1216 4110 ΙΙ

19 4135 20 4152 t
62 4123 284 4198 tt.su1›uesS.·q
307 4134 349 4180 st.
369 4143 423 4180 non
440 4130 503 4194 sctit
522 4131 549 4182 8.
575 4128 584 4198 ll
607 4134 650 4180 tt.
670 4129 814 4181 eimolabat
837 4128 944 4182 iubenis
968 4128 998 4180 S.
1021 4127 1032 4195 ΙΙ
1055 4127 1215 4194 prouocabit

64 4206 83 4256 s·
97 4207 105 4276 t
119 4217 154 4263 u.
171 4215 226 4281 loga
245 4217 284 4268 S?
308 4219 367 4281 toga
385 4217 451 4268 rtett
467 4217 514 4279 tttr
532 4217 629 4280 togati,
649 4219 698 4267 rote
716 4217 755 4268 tet
773 4217 925 4267 Ammaous
943 4215 1112 4266 Marcellinus
1131 4219 1172 4274 tt,
1186 4216 1212 4274 7,

63 4293 139 4348 tillut
158 4299 188 4353 de
210 4301 343 4355 industria
367 4315 482 4368 pergens
499 4301 653 4367 praelectus
671 4301 705 4353 eb
723 4303 797 4352 omni
817 4306 877 4366 toga
895 4301 1117 4367 adparitloneqne
1135 4311 1215 4364 roge-

65 4373 123 4430 um
142 4387 247 4440 enixius.
284 4391 349 4441 tttor
372 4389 453 4453 togati
477 4389 518 4440 uls
541 4388 715 4453 terdrtoueg
732 4389 779 4440 der
796 4386 918 4439 advocati
936 4401 958 4438 r.
979 4386 1101 4438 liecurt
1118 4399 1153 4436 zu
1170 4387 1214 4436 Iu-

66 4469 140 4519 mcit'r
154 4477 177 4532 t,
195 4477 241 4534 ⁴7,-
258 4476 324 4526 tiber
341 4477 415 4526 eim
432 4475 601 4526 occaecat
618 4475 843 4539 sprootqebrouct
860 4475 1000 4526 Mommsen
1018 4476 1046 4525 in
1064 4475 1113 4524 den
1126 4473 1214 4524 lidmi-

65 4549 121 4602 ⁸⁶⁸⁶*
135 4555 290 4616 {cidnum
307 4561 347 4612 tc.
368 4567 424 4617 ts.
446 4561 503 4612 tlt.
522 4559 533 4627 {t
549 4563 593 4611 tt.
611 4559 705 4611 cosilio
724 4559 752 4610 S.
771 4555 781 4625 ΙΙ
