3252 5130
601 427 825 490 'Cosrecrsssm
1234 417 1307 491 627

123 625 239 680 uectore
270 617 321 679 illo
350 623 400 678 tuo
429 636 497 678 cum
526 635 583 698 quo
610 635 678 679 sero
707 618 884 680 deverteros
914 618 1048 700 iuputcto
1067 617 1167 703 suque,
1182 621 1310 684 mandes

116 720 334 803 praesidium?
368 719 444 781 illud
466 719 559 781 torae
581 721 704 782 memini
724 739 770 782 uie
792 729 877 783 terra
899 721 1066 784 dehiscente
1090 723 1151 784 imo
1177 726 1311 787 Tartaro

120 827 211 905 inque
244 822 292 884 liis
321 841 426 884 cortem
457 821 618 884 Gerbemm
650 841 783 904 prorsus
813 825 994 888 esurientem
1017 843 1062 888 me
1086 821 1307 907 prospectisse?

119 936 208 990 recte
231 924 388 987 intellexit
405 925 576 988 Salmasius
599 924 809 992 scribendum·
824 945 894 988 csse
910 927 1075 990 revolutus.
1115 947 1188 990 mox
1203 929 1309 992 scribe

115 1029 211 1112 supas
233 1021 298 1114 (te)
321 1027 447 1089 mandes
470 1027 652 1108 praesidio?
673 1029 752 1093 iilud
773 1027 866 1090 loroc
888 1038 949 1090 etc.

208 1131 317 1212 Capite
348 1129 493 1192 eiusdem
523 1129 599 1192 libri
618 1131 656 1192 l8
687 1130 891 1196 scribendum
923 1141 971 1199 est
1000 1132 1042 1194 cd
1068 1132 1142 1195 laec
1164 1135 1215 1196 ille
1236 1134 1310 1196 sult-

118 1235 227 1298 rideus
253 1239 302 1295 ‘ot
323 1234 368 1294 tu'
393 1235 491 1314 inquit
515 1239 592 1296 ‘noc
613 1235 762 1316 scopuiue
785 1235 838 1298 sed
860 1235 928 1298 lotio
948 1234 1096 1317 perfusus
1117 1229 1160 1298 es.
1201 1255 1310 1299 verum

119 1347 221 1400 tameo
244 1345 272 1398 et
293 1337 358 1416 ipse
375 1355 435 1416 per
456 1339 606 1400 sommium
626 1337 767 1418 iupcluri
787 1340 874 1403 visus
896 1355 966 1403 sum
985 1337 1081 1400 mihi..
1122 1357 1195 1400 com
1217 1347 1246 1402 et
1261 1341 1311 1402 iu-

116 1441 227 1525 pulum
256 1441 347 1500 istum
376 1439 462 1500 dolui
482 1446 509 1500 et
530 1458 582 1500 cor
606 1440 706 1519 ipsum
727 1439 801 1505 milti
821 1440 921 1504 avelli
936 1442 1052 1520 putavi·
1068 1449 1096 1502 et
1117 1460 1198 1507 nuuc
1214 1443 1310 1506 'etiem

116 1545 233 1626 spiritu
255 1529 382 1622 deficior¹
405 1547 434 1602 et
453 1559 553 1623 pecua
574 1545 696 1622 quatior
718 1550 746 1606 et
765 1542 867 1625 produ
889 1542 981 1608 tituto
1004 1551 1032 1605 et
1052 1543 1172 1625 uliqm'd
1192 1544 1311 1608 cibatus
1320 1567 1369 1620 sss

116 1645 282 1728 refovendo
304 1644 417 1724 spiritu
439 1643 600 1706 dmtdero!
647 1645 681 1710 iu
702 1645 777 1710 milu¹
791 1648 917 1719 *mutavi
940 1646 1045 1708 nichil.

207 1748 317 1827 Capite
339 1747 377 1806 23
413 1745 620 1816 scribendum
653 1745 783 1814 uidetur
809 1767 886 1830 ⁴erpo
906 1747 1095 1822 treotmtem
1127 1752 1312 1832 purpustioli

118 1853 220 1915 nostri
240 1869 278 1912 rte
300 1867 429 1930 spernes
449 1856 527 1929 peto.
575 1851 634 1912 erit
655 1849 874 1916 tittedtcccos
896 1870 937 1916 cn
961 1869 1035 1916 ecce.
1048 1851 1124 1924 ittet
1138 1852 1310 1922 cultuum

115 1955 275 2016 honestum
302 1951 536 2032 receptaculum.
582 1970 688 2032 neque
717 1955 810 2020 euimv
834 1952 893 2016 dici
922 1953 976 2030 hic
1006 1955 1145 2034 potuisse
1170 1955 1310 2018 arbitror

117 2055 206 2139 quod
229 2054 313 2116 liber
335 2054 536 2116 Florentinus
560 2054 656 2116 hebet
678 2064 706 2118 et
727 2074 801 2118 eece.
1052 2119 1054 2125 k
1192 2115 1195 2124 ,

207 2158 300 2220 Libro
316 2175 337 2217 rs
360 2176 430 2237 cep.
449 2156 468 2216 5
492 2159 657 2238 scripsisse
686 2157 823 2232 videtur
836 2159 991 2239 ¹Apuleius
1004 2159 1086 2236 'letes
1109 2159 1165 2227 tibi
1183 2161 1308 2242 trepide

117 2274 152 2326 et
174 2259 316 2324 cavenda
339 2279 453 2322 censeo.
499 2258 584 2336 liber
606 2259 805 2322 Florentinus
827 2261 943 2342 trepido
965 2263 1155 2324 astruenda.

208 2364 316 2445 Capite
335 2363 373 2423 l9
390 2363 468 2424 haec
490 2361 603 2426 tradite
619 2372 705 2443 sunt,
730 2382 822 2444 pisam
837 2364 986 2435 commode
1001 2367 1140 2428 versaris
1156 2368 1188 2427 in
1202 2375 1309 2430 nostra

112 2469 247 2551 patric?
274 2466 354 2547 quod
381 2467 476 2528 sciam
504 2466 621 2546 templis
650 2473 678 2527 et
704 2467 841 2530 lavacris
869 2475 899 2528 et
925 2469 1031 2533 ceteris
1061 2467 1202 2548 operibus
1225 2469 1311 2553 tempe

116 2579 244 2634 cunctas
260 2571 396 2632 civitates
411 2568 636 2630 antecellimus:
653 2569 829 2632 utensilium
840 2569 1159 2649 proetereupollemus
1172 2571 1308 2652 affatim:

116 2681 199 2737 certe
225 2670 349 2734 libertas
372 2673 467 2734 otiosa
489 2677 517 2731 et
538 2671 685 2752 nepotioso
708 2671 828 2752 quidem
851 2670 987 2734 advenae
1008 2673 1145 2744 Romano
1163 2673 1310 2755 frequen-

118 2779 181 2853 tia,
211 2775 341 2838 modesto
364 2793 436 2836 vero
457 2772 569 2852 lospiti
587 2773 673 2852 quies
695 2774 853 2840 villatico:
882 2775 965 2835 omui
980 2774 1111 2855 deumne
1131 2777 1311 2856 prouinciae

116 2879 289 2959 voluptarii
316 2894 452 2939 secessus
481 2892 598 2941 sumus.
654 2894 716 2940 non
746 2876 893 2956 intellego
925 2876 1003 2956 quid
1032 2877 1084 2940 hio
1113 2897 1182 2940 esse
1210 2880 1310 2960 possit

117 2983 247 3045 libertos
269 2982 374 3042 otioso.
421 2996 529 3058 neque
550 2996 625 3039 vero
648 2977 847 3059 probandum
872 2989 919 3040 est
941 2978 1084 3042 Beroaldi
1108 2981 1221 3057 otioso,
1247 3001 1310 3062 quo

116 3104 184 3149 non
214 3082 351 3146 elficitur
371 3091 444 3162 epta
467 3091 499 3143 et
521 3081 674 3144 concinna
696 3081 865 3144 sententie.
913 3082 1041 3163 scripsit
1063 3082 1196 3146 lortesse
1218 3084 1310 3165 Apu-

119 3191 204 3252 leius
226 3185 351 3248 libertos
375 3185 503 3265 copioso.
552 3182 726 3264 respondet
748 3185 862 3246 Lucius
877 3201 961 3249 ¹veru
983 3203 1149 3263 memoras,
1180 3206 1235 3250 uec
1257 3205 1311 3250 us-

118 3310 212 3374 quam
233 3291 366 3372 petilium
389 3287 486 3370 mcqis
509 3285 705 3348 melicertem
728 3305 818 3368 quom
840 3286 888 3348 liic
907 3287 1006 3368 fuisse
1028 3289 1154 3352 credidi.

207 3391 301 3454 Libro
316 3408 350 3451 ιιι
372 3409 440 3471 cop.
460 3392 477 3450 l
502 3390 684 3470 scripserim
701 3391 755 3454 sed
769 3392 799 3452 si
808 3390 914 3470 paulis
926 3409 986 3471 per
1000 3391 1187 3454 audientium
1203 3391 1312 3472 publi-

118 3517 154 3560 ce
178 3494 254 3558 milti
275 3493 416 3555 lit'buerit
437 3491 621 3568 humanitas,
644 3491 736 3572 facile
758 3511 811 3556 vos
826 3492 948 3556 edocebo
964 3511 1009 3555 me
1024 3493 1188 3556 discrimen
1202 3497 1311 3576 cupitis

118 3619 182 3662 nou
203 3617 268 3660 meo
290 3597 406 3674 merito,
432 3595 486 3657 sed
507 3593 701 3656 rationabilis
724 3595 942 3677 iudiprtctionis
965 3603 1072 3658 euentu
1092 3595 1217 3676 fortuito
1240 3605 1311 3659 tan-

118 3713 184 3766 tem
206 3701 343 3762 criminis
367 3698 515 3759 invidiam
534 3696 659 3779 frustra
680 3699 843 3760 sustinere.
890 3698 974 3760 liber
988 3699 1188 3761 Florentinus
1207 3699 1311 3781 publi·

119 3823 199 3870 com.
247 3800 385 3883 eopitcl
409 3800 528 3862 dicitur
551 3819 608 3881 per
627 3799 781 3880 publicem
805 3801 1061 3876 misericordiam,
1093 3803 1231 3883 cepite8
1253 3823 1311 3884 per
1376 3823 1379 3828 ·

117 3905 275 3990 publicam
297 3903 549 3980 misericordiam,
572 3921 629 3983 per
651 3921 806 3966 commuue
829 3905 877 3966 ius
899 3903 1108 3965 humanitatis

210 4006 302 4069 Libro
318 4023 346 4068 tr
368 4025 437 4087 cep.
456 4007 490 4066 tt
520 4004 682 4066 scribo-
696 4007 760 4070 uisi
780 4005 901 4068 taudem
915 4007 1004 4089 pipre
1018 4026 1055 4068 cc
1070 4007 1172 4069 timide
1186 4008 1311 4090 quidem

119 4113 226 4176 lortius
245 4109 341 4190 poulo
362 4109 503 4189 fidentior
524 4115 610 4169 utero
633 4107 744 4170 testim
766 4117 878 4171 resecto
900 4127 974 4172 urse
996 4110 1186 4192 mopoificum
1202 4111 1311 4193 despo-

119 4215 211 4278 liavit
233 4213 392 4274 latronem.
440 4210 522 4272 liber
543 4211 744 4273 Florentinus
766 4229 871 4272 ursae

210 4316 318 4397 Capite
334 4315 373 4378 23
399 4316 552 4395 scriptum
583 4325 630 4376 cst
654 4333 709 4376 uec
731 4333 833 4390 moro,
865 4333 933 4376 cum
956 4315 1089 4378 latrones
1111 4317 1197 4378 ultro
1219 4319 1313 4380 ccccii

121 4428 212 4501 cipue
234 4417 356 4480 solliciti
377 4424 522 4479 remearit.
562 4427 633 4498 post
649 4417 734 4479 ultra
749 4415 883 4478 verbum
899 4415 1029 4479 videtur
1044 4416 1200 4480 excidisse
1216 4420 1310 4499 quale

120 4533 173 4586 cst
200 4521 330 4583 modum.
377 4516 450 4582 m'ox
479 4520 557 4581 haec
579 4530 731 4582 secuntur
753 4538 815 4580 non
840 4519 938 4599 magis
960 4521 1098 4601 integre,
1129 4539 1196 4582 eom
1219 4523 1311 4585 simul
