3160 5132
346 425 440 486 Sacas
462 443 561 488 444444
583 445 643 489 1411
666 429 799 491 monim
822 431 967 490 44444444.
1202 415 1250 488 93

85 605 169 668 Silius
200 607 253 670 lib.
279 629 333 674 1111
362 613 520 676 Hannibal
548 635 569 677 4
597 624 700 679 nocuo
733 635 840 680 nomen
876 617 1068 681 memorabile
1097 619 1187 695 Belo,
1225 627 1256 680 ct

83 707 131 770 lib.
153 729 182 773 rr
201 713 246 774 sic
267 714 477 778 Hannibalem
500 720 610 781 Bostar
638 720 811 801 alloquitur
833 723 971 785 4444441114
992 721 1113 798 Belide,
1142 724 1256 804 patriis

82 817 128 894 qui
144 833 165 876 o
183 817 337 881 moenibus
365 837 453 883 orceo
482 822 648 885 8444114441
676 823 802 886 1444144.
850 823 907 888 sed
937 824 978 887 de
1008 826 1058 887 his
1088 825 1252 888 hactenus.

81 925 110 978 14
123 935 194 981 1444
209 928 294 983 recte
310 921 396 1004 iacis,
416 924 633 988 eruditissime
648 927 841 1007 4444414444,
860 929 915 1009 qui
928 928 1121 991 Graevianos
1132 929 1256 992 4444444-

81 1019 280 1102 busiancsque
304 1027 430 1088 cineres
451 1027 492 1089 ab
514 1027 696 1092 invidorum
720 1039 752 1091 et
773 1031 984 1111 petulantium
1007 1030 1254 1095 obtrectatorum

81 1121 193 1186 iniuriis
220 1129 333 1190 tueris.
380 1139 481 1192 macte
512 1132 570 1193 boc
598 1134 703 1195 animo
730 1144 808 1195 esto.
856 1134 966 1196 horum
997 1154 1096 1198 unum
1120 1134 1196 1198 dum
1221 1137 1253 1197 44

80 1227 238 1291 1411444441
259 1241 292 1293 et
314 1233 395 1294 colui
418 1236 590 1297 clamavi:
617 1234 752 1298 altarum
774 1239 833 1298 etsi
856 1238 933 1298 mihi
957 1238 1098 1318 ignotum
1121 1238 1162 1300 ob
1184 1241 1254 1301 exi-

79 1330 146 1392 41444
173 1332 294 1413 ingenii
317 1346 349 1398 et
370 1337 670 1411 eruditionisdotcs
693 1339 822 1402 maximi
845 1359 971 1422 semper
994 1339 1066 1403 ieci.
1112 1340 1169 1405 ubi
1192 1343 1252 1404 Va-

79 1430 177 1495 lerium
192 1437 336 1500 Flaccum
359 1440 475 1502 iterum
496 1460 663 1504 recensere
680 1442 771 1522 velis,
796 1462 896 1506 unum
912 1444 1087 1506 alterumve
1102 1444 1253 1508 mendum

79 1554 256 1620 manopera,
281 1543 314 1602 ni
330 1560 427 1622 grave
443 1551 502 1624 441,
527 1545 647 1625 poteris
661 1546 785 1624 tollere,
807 1547 901 1627 qualo
917 1546 998 1609 illud
1015 1565 1055 1609 11.
1073 1547 1135 1610 374
1160 1549 1255 1612 licuit

78 1635 236 1720 4144414114,
257 1643 374 1724 tionem
387 1647 571 1710 Messonides
593 1647 706 1726 undae,
732 1650 828 1711 Flevit
848 1657 876 1712 41
897 1651 1002 1732 effusos
1024 1669 1172 1714 revocans
1187 1653 1252 1733 lly-

76 1746 151 1822 pert'o
177 1746 314 1810 44444144.
361 1748 530 1813 ridiculum
559 1769 707 1833 4444444,
744 1753 846 1816 undae
872 1754 958 1835 flere.
1005 1753 1110 1816 scribe
1138 1754 1254 1835 limmat

78 1847 246 1914 4414441444
274 1850 373 1927 ocae,
404 1862 441 1915 ut
469 1855 626 1935 nymphas
655 1856 824 1937 intelligas.
871 1859 918 1919 sic
946 1857 1026 1918 Naso
1048 1857 1146 1919 Naias
1174 1857 1248 1919 odo.

78 1950 144 2030 vale,
157 1953 208 2014 vir
223 1953 435 2018 celeberrime
451 1967 484 2018 et
498 1976 548 2019 me
563 1977 670 2020 amare
684 1977 795 2040 perge.
821 1958 1042 2041 Cantabrigiac
1057 1959 1168 2023 Octob.
1182 1979 1248 2024 11111.

77 2053 113 2114 St.
135 2056 202 2118 Vct.
229 2076 352 2120 144414.

146 2160 256 2222 Siluius
278 2172 386 2225 noster
408 2169 439 2224 14
461 2163 598 2245 plurima
620 2165 721 2227 salute
745 2165 897 2246 impartit.
945 2163 1042 2227 irater
1064 2176 1138 2230 tuus
1160 2169 1250 2230 theo-

76 2259 159 2342 logus,
182 2265 236 2326 vir
256 2263 470 2348 doctissimus,
496 2286 593 2348 quem
615 2269 743 2330 memini
769 2269 800 2329 in
816 2267 952 2330 aedibus
967 2270 1047 2331 meis
1062 2279 1135 2332 anta
1151 2289 1250 2332 annos

75 2362 177 2444 aliquot
200 2367 254 2429 bic
275 2371 447 2449 accepisse,
473 2381 508 2432 ut
531 2372 626 2452 valet,
650 2380 686 2434 ut
709 2372 852 2434 meminit
874 2361 1010 2434 nostrii¹

643 2614 662 2674 3

110 2761 249 2843 (ammom
269 2765 330 2848 aas
346 2770 525 2830 Burntonoa
547 2767 632 2851 bores
648 2787 715 2831 nom
740 2770 779 2830 42
796 2769 872 2849 juni
894 2768 988 2852 4740,
1013 2769 1061 2834 bei
1085 2772 1212 2836 44444144-
1258 2788 1307 2836 411

522 2871 621 2936 1444141
645 2874 675 2953 4,
692 2872 781 2957 394.)

214 3041 430 3106 celeberrimo
453 3054 485 3107 et
507 3044 687 3108 doctissimo
708 3048 778 3109 viro
802 3047 892 3109 Petro
913 3048 1093 3110 Burmanno

389 3150 422 3211 S.
441 3150 473 3210 P.
491 3150 528 3212 D.
547 3149 725 3212 bichardus
747 3150 920 3213 Bentleius.

145 3321 275 3383 Litteras
298 3330 369 3384 tuas
390 3340 419 3383 4.
437 3321 471 3384 d.
489 3339 543 3383 411.
562 3321 643 3384 414444
666 3322 801 3404 scriptas
822 3322 892 3385 heri
909 3321 1037 3387 domurn
1053 3323 1094 3387 ad
1110 3345 1161 3388 mo
1175 3327 1248 3391 tulit

73 3419 185 3486 invenis
207 3426 356 3505 egregius
372 3425 504 3487 loannes
519 3423 649 3490 lacobus
665 3424 826 3504 Claudius,
852 3443 948 3507 quern
971 3437 1002 3489 41
1025 3436 1078 3490 1144
1101 3447 1193 3492 causa
1217 3440 1248 3492 41

72 3528 172 3589 nerito
193 3547 250 3591 suo
272 3547 368 3609 quarn
390 3529 479 3610 potui
501 3529 728 3591 humanissime
750 3529 872 3610 excepi.
920 3529 946 3591 is
962 3530 1055 3593 hodic
1070 3531 1246 3594 Londinum

72 3643 172 3693 vorsus
195 3630 307 3713 rediit,
339 3640 371 3693 ct
392 3632 468 3713 quia
491 3651 549 3714 per
570 3631 690 3713 aliquot
711 3647 837 3694 1444444
859 3633 893 3695 44
915 3635 1077 3696 Britannia
1100 3644 1149 3699 cst
1171 3637 1247 3700 bac-

71 3747 163 3814 surus,
187 3736 335 3799 constitui
358 3735 415 3800 has
438 3745 522 3798 recta
544 3753 605 3818 per
619 3734 810 3798 tabularium
825 3734 988 3817 publicum
1004 3736 1044 3799 ad
1060 3747 1091 3800 te
1107 3739 1245 3820 mittere,

72 3844 101 3897 ut
125 3840 214 3902 citius
242 3839 283 3902 ad
311 3841 454 3921 quaesita
483 3849 537 3901 tua
568 3858 756 3920 responsum
778 3839 874 3902 ieras.
921 3841 1078 3921 principio
1101 3852 1189 3923 optas
1212 3853 1247 3906 ut

72 3943 164 4005 441444
191 3963 272 4025 quac
301 3945 335 4006 in
358 3945 470 4008 Silium
501 3943 669 4006 observavi
698 3945 757 4006 hac
784 3961 884 4006 novae
913 3943 1062 4006 editionis
1084 3945 1245 4008 occasione

73 4055 183 4108 444441.
229 4046 390 4130 equidem,
415 4049 441 4110 si
466 4047 537 4110 folia
561 4057 596 4111 41
617 4046 657 4109 144
672 4046 781 4129 praelo
797 4057 914 4110 exeunt
929 4048 1162 4111 communicare
1177 4068 1246 4111 mc-

73 4161 134 4208 cum
159 4151 253 4214 vellet
282 4150 402 4231 editor,
433 4170 533 4233 pauca
563 4151 705 4213 fortassis
734 4151 797 4212 linc
824 4149 899 4212 libri
922 4151 1098 4232 adiungere
1120 4170 1246 4232 possem

73 4263 127 4311 non
147 4254 350 4333 poenitenda;
377 4254 434 4317 scd
455 4264 491 4318 ut
514 4263 672 4334 anneceb,
698 4273 803 4335 neque
819 4255 919 4317 variis
936 4253 1125 4318 lectionibus
1140 4274 1245 4337 neque

74 4354 247 4420 coniecturis
274 4358 449 4422 acutissimi
476 4359 540 4420 viri
561 4359 598 4420 N.
624 4358 746 4419 44444444
776 4357 870 4438 visis,
904 4377 972 4419 4414
1001 4357 1122 4439 ingenii
1144 4359 1244 4421 aleam

74 4453 169 4522 subire
191 4479 251 4524 444
274 4471 323 4525 441
345 4461 521 4525 4444444414.
568 4461 673 4543 placet
695 4479 783 4540 vero,
809 4460 895 4543 quod
918 4461 1056 4543 ingenue
1080 4447 1113 4525 et
1134 4471 1244 4544 aperte

74 4573 171 4625 narras
197 4562 231 4646 (is
252 4567 337 4627 enim
361 4566 517 4629 amicitiae
541 4563 663 4628 fructus
686 4575 734 4626 cst
755 4563 947 4648 uberrimus)
967 4585 1029 4629 non
1044 4566 1170 4648 placere
1185 4564 1244 4627 tibi
