3182 5132
334 392 408 466 452
737 406 781 466 Ex
802 425 898 466 ussus
917 407 1128 470 liruomuausr.

333 613 571 660 conmemorare
601 613 684 675 quae
714 593 930 676 Nipperdeius
957 594 998 660 ad
1020 597 1119 662 'lariti
1140 594 1224 664 Anu.
1243 598 1310 662 1³5
1339 598 1497 680 adseriptit.

335 719 377 762 ne
399 697 620 781 asymmuehi
642 696 774 779 quidem
796 699 923 763 saeculo
949 698 1106 766 eiusmodi
1128 700 1302 764 uerborum
1323 704 1501 768 minutiones

336 801 507 866 abhorrere
531 819 595 864 uno
617 801 739 864 dooebo
766 803 923 883 exemplo.
956 799 1155 870 Ambrosius
1173 803 1215 868 de
1236 805 1431 870 institutione
1447 808 1500 870 uir-

336 907 420 987 ginis
444 904 482 967 ll
503 903 586 988 (tlt)
614 923 674 966 omo
698 906 811 986 puseus
841 906 977 969 ortanus
1010 908 1093 985 sius,
1130 927 1193 972 uou
1220 910 1347 972 uiuamus
1372 911 1499 991 optuit.

328 1008 512 1090 pudicitiam
534 1008 601 1072 eius
628 1025 690 1070 uos
721 1016 875 1088 turtures,
906 1011 1129 1090 simplicitatum
1158 1013 1225 1076 eius
1247 1031 1308 1076 uoto
1330 1014 1446 1076 monis
1461 1032 1503 1077 oo-

333 1109 463 1174 luuntur.
503 1109 590 1190 quod
612 1121 707 1176 anteo
729 1112 828 1174 nnius
848 1113 976 1194 scripsit
1000 1113 1086 1176 taust
1104 1115 1204 1196 planet
1223 1115 1323 1196 serite
1341 1124 1500 1196 prosecutos

332 1218 524 1282 sententiam
546 1214 681 1298 praebet
703 1214 807 1295 qualis
833 1217 1026 1296 requiritur,
1056 1217 1115 1282 sad
1144 1221 1252 1282 minus
1281 1221 1423 1299 congruit
1441 1237 1499 1282 oum

331 1322 449 1386 litteris
468 1337 548 1400 quas
570 1317 788 1382 membranam
809 1317 930 1384 habere
949 1319 1038 1400 diois,
1063 1323 1187 1403 apparit
1203 1321 1304 1401 ferire
1320 1330 1499 1403 proruentis.

331 1443 447 1488 vereor
467 1433 574 1486 autem
601 1441 642 1484 ne
664 1423 766 1484 naim
791 1421 912 1486 borum·
934 1437 1086 1488 versuum
1116 1426 1239 1488 litteras
1265 1441 1329 1488 non
1342 1458 1345 1467 ·
1359 1435 1438 1488 recto
1461 1425 1501 1486 di-

331 1529 486 1608 speserit:
512 1545 586 1592 num
608 1525 795 1588 insidiosum
819 1526 915 1606 piune
937 1527 1051 1607 nequit
1073 1528 1224 1608 intellegi.
1249 1529 1501 1592 -verumalortasss

331 1629 500 1712 adparahit
534 1627 750 1692 membranam
783 1627 967 1694 udouratius
1000 1629 1199 1711 inspioienti:
1231 1632 1370 1695 interim
1401 1631 1500 1692 moisio

332 1734 554 1816 Symmanbum
581 1733 748 1813 scripsisse
776 1731 824 1795 tis
846 1733 1178 1798 orturis··oooursttos
1200 1753 1262 1796 stou
1283 1733 1444 1815 direptioni
1461 1735 1499 1796 tiu

330 1837 493 1920 qomrmsr
515 1855 569 1899 osc
589 1835 764 1917 repentinos
792 1835 881 1898 oeodi
908 1855 995 1900 anso.
1035 1855 1150 1917 pamm
1178 1838 1280 1918 plaoot
1306 1836 1403 1918 desire
1423 1853 1499 1918 prae·

331 1949 453 2004 ventes.

417 2045 484 2106 llos
497 2043 576 2106 haee
590 2050 755 2118 secuntur,
780 2057 866 2104 aurio
882 2041 995 2106 oddus
1016 2043 1200 2106 cousinium
1214 2051 1350 2108 mutuata
1359 2041 1499 2126 purpuria

331 2148 515 2210 internecivo
532 2148 599 2228 ipsso
611 2145 776 2226 populutuo
791 2152 846 2208 ast.
871 2145 904 2206 in
918 2145 1029 2208 eodieo
1043 2147 1185 2210 csdmuris
1195 2157 1265 2210 est:
1282 2145 1498 2210 soubomtm's.
1578 2207 1579 2220 ,

419 2250 494 2341 Cap.
513 2249 565 2312 2⁰.
606 2255 711 2330 optant
730 2247 892 2312 miserore
913 2248 1079 2313 viatoribus
1098 2253 1189 2334 prius
1208 2269 1286 2330 poce
1308 2250 1499 2332 quemiimits.

330 2356 360 2417 si
381 2353 448 2416 ulto
470 2350 525 2415 tibi
546 2353 576 2414 in
600 2353 659 2414 otio
680 2359 758 2414 osset
779 2357 879 2428 ortos,
907 2369 1013 2432 praem
1032 2351 1168 2432 fortisan
1190 2353 1391 2416 distulissent.
1428 2349 1500 2434 poid-

330 2455 405 2540 quid
427 2457 585 2521 interierat
606 2453 744 2516 omiuodo
768 2454 909 2536 mopsus.
945 2465 1035 2518 resto
1052 2455 1256 2520 Heindorfius
1271 2457 1423 2520 intellexit
1435 2455 1500 2516 sori·

331 2559 473 2623 bendum
495 2575 565 2622 esse
582 2555 711 2623 orostdo.
727 2555 794 2621 ised
817 2557 924 2622 minus
946 2556 1126 2638 probabilia
1149 2560 1280 2639 protulit
1293 2561 1337 2620 tin
1360 2559 1497 2640 proximis,

330 2681 413 2746 quae
435 2663 535 2726 Maius
559 2662 601 2724 ita
634 2659 773 2740 scripsit,
809 2677 945 2738 assessu,
981 2679 1043 2741 osu,
1079 2679 1193 2745 repens
1226 2668 1289 2724 soto
1317 2663 1498 2726 eotmumilttr.

330 2767 430 2830 latere
464 2766 542 2830 haee
576 2763 745 2841 videntur,
781 2779 908 2829 nomaso
936 2781 991 2828 oro
1024 2772 1096 2843 toga
1130 2781 1181 2828 res
1213 2773 1276 2828 totu
1303 2771 1496 2828 oonsumsmr·

330 2868 533 2932 Heindoriius
565 2865 774 2930 scribendum
805 2867 942 2930 ooniaeit
974 2885 1099 2932 demesso
1132 2887 1185 2930 ore
1216 2867 1356 2952 ropoudo
1384 2875 1438 2930 totu
1460 2881 1500 2926 sss

330 2971 608 3036 consummabitur.-
632 2969 690 3033 sad
704 2969 850 3052 sapaudo
872 2987 935 3032 uon
958 2979 1067 3050 aptum
1090 2979 1151 3050 ost,
1175 2989 1249 3036 oum
1270 2970 1313 3036 ud
1333 2969 1501 3034 Alamamos

330 3085 464 3153 tantum,
491 3093 554 3138 non
574 3074 651 3137 item
665 3071 706 3136 ad
721 3072 978 3137 Valentinianum
994 3074 1173 3154 pertineam
1196 3083 1309 3138 eontra
1320 3075 1499 3155 aptissimum

330 3187 409 3261 topo,
437 3177 469 3242 id
492 3188 542 3240 est
562 3195 651 3258 paee.
689 3181 1018 3243 rememorantem
1047 3185 1124 3257 puto
1145 3177 1371 3259 Symmachum
1399 3179 1437 3240 ita
1460 3171 1500 3236 di-
1577 3167 1578 3224 ἰ

329 3283 412 3344 risse
435 3291 471 3344 nt
494 3279 578 3344 idam
601 3279 667 3344 lare
691 3279 790 3343 vallet
810 3287 895 3342 esset
917 3296 953 3344 uo
976 3277 1197 3360 profligabitur
1211 3281 1273 3346 uel
1295 3282 1431 3346 finietur.

417 3385 451 3446 lu
475 3381 637 3447 Laudibus
665 3383 699 3443 in
728 3380 912 3444 Gratianum
939 3399 1007 3462 sap.
1033 3382 1053 3442 5
1084 3382 1293 3448 scribendum
1313 3394 1373 3446 ¹ost
1397 3385 1424 3446 si
1444 3381 1499 3464 quis

329 3487 405 3550 milii
427 3488 536 3552 Zeusis
559 3483 769 3550 discoloribus
790 3485 870 3548 ceris
892 3483 965 3547 doec
986 3485 1109 3550 comitia
1128 3487 1294 3568 spectando
1309 3487 1458 3570 digereret.
1479 3483 1501 3544 si

330 3592 399 3673 quis
422 3586 728 3671 matuariorum
750 3587 981 3653 illoduoeiosse
1010 3587 1156 3654 iudicium
1181 3591 1253 3652 veri
1282 3592 1380 3654 sisndi
1398 3587 1498 3670 adfectu

329 3695 409 3756 ortis
432 3694 599 3768 animaret,
633 3693 768 3754 viserent
786 3691 903 3771 poderi
924 3693 984 3752 vim
1004 3691 1155 3757 credenda
1177 3695 1345 3759 minutatiu-
1383 3687 1498 3756 absurda

330 3805 407 3860 sunt
427 3815 510 3876 quae
533 3797 632 3858 lloius
654 3792 763 3872 dedit,
803 3795 872 3875 puis
900 3792 977 3856 milri
1002 3795 1157 3878 Zeumpdis
1185 3796 1311 3860 eoloris's
1339 3799 1415 3860 mosi
1440 3794 1499 3858 tao

329 3901 451 3962 cumdio
480 3898 645 3981 spectando
672 3897 842 3979 sit'pororot?
877 3914 941 3958 non
970 3905 1075 3976 potest
1102 3897 1178 3962 lerri
1205 3900 1265 3962 ista
1295 3898 1497 3978 interrogatio:

330 4021 430 4083 quare
452 4003 482 4066 si
503 4004 537 4064 in
561 4002 651 4065 initio
673 3999 793 4062 addidi.
834 4008 901 4062 tum
917 4001 1015 4064 Maius
1037 4000 1180 4068 oodioem
1200 4001 1281 4064 dicit
1303 4003 1419 4067 habero
1439 4017 1499 4064 zeu-

329 4105 424 4186 oeydis
447 4116 479 4168 et
501 4104 605 4170 videri
629 4102 748 4166 habere
770 4101 934 4164 coloribus.
974 4103 1050 4166 hine
1071 4106 1154 4169 ultro
1175 4105 1211 4168 tlt
1232 4105 1321 4187 quod
1343 4105 1439 4188 posui.

417 4209 452 4272 ln
475 4207 625 4271 Oratione
641 4225 699 4288 pro
719 4215 809 4286 patre
833 4223 902 4285 oup.
922 4207 940 4266 9
964 4208 1063 4273 llaius
1077 4209 1206 4289 scripsit
1220 4227 1327 4274 rerum
1343 4223 1499 4272 versuros·

330 4310 409 4374 dicio
431 4318 486 4374 ost.
519 4311 626 4392 paullo
650 4317 719 4373 outo
741 4307 801 4375 soli
817 4307 966 4372 iuvidiam
978 4308 1136 4390 solicitatis
1152 4311 1324 4391 trabebant,
1348 4328 1419 4394 quos
1431 4323 1497 4372 soors

329 4413 551 4496 subripuissem
590 4412 754 4476 admodum
775 4410 964 4475 stiserabiles
986 4429 1070 4476 noue
1090 4411 1250 4494 tmortor,
1276 4435 1351 4498 quos
1374 4415 1430 4478 vito
1449 4427 1495 4472 uoo

330 4516 501 4582 reservabit
521 4517 569 4580 bis
590 4517 725 4599 prediis.
767 4519 888 4598 requiri
907 4518 1084 4580 reservavit
1099 4519 1169 4598 ipse
1186 4519 1351 4582 intellexit.
1389 4519 1497 4582 misem·
