3178 5136
573 407 791 468 Gormcrrmn.
1197 393 1271 466 585

88 596 204 675 latione
228 596 457 678 exemplarium
489 597 656 658 minorum.
704 595 795 656 velim
826 591 933 658 doceri
962 593 1118 674 quomodo
1141 597 1273 658 aratoris

88 698 151 761 illia
172 700 242 760 sive
264 697 405 761 Fabricio
428 699 495 760 sive
511 697 643 760 Fabricii
668 698 894 760 conmemorari
910 699 1051 778 potuerit
1074 699 1158 760 inter
1180 699 1272 760 triste

87 803 306 883 supercilium,
332 819 475 864 severam
499 801 651 880 Frontem,
679 809 862 881 personatos
891 799 1007 879 fastus,
1041 802 1182 882 regulam
1206 821 1273 862 mo-

88 924 157 967 rum
180 905 350 985 omniaque
372 922 453 984 quae
476 906 508 965 in
532 901 676 966 tenebris
698 921 761 964 non
777 921 897 966 sumus.
933 904 1029 965 nimis
1051 905 1136 965 enim
1157 902 1273 966 absur-

87 1007 163 1070 dum
187 1015 272 1070 esset
294 1008 318 1069 si
342 1008 415 1088 quis
436 1015 563 1087 putaret
584 1005 680 1068 liliam
703 1004 837 1068 Fabricii
861 1005 923 1068 dici
948 1005 1085 1069 frontem
1113 1025 1269 1068 severam.

86 1109 216 1173 videtur
238 1110 313 1171 mibi
337 1110 464 1190 gravior
485 1127 555 1172 esse
578 1109 610 1170 in
627 1109 782 1171 versiculo
798 1107 912 1172 menda
929 1126 1023 1189 quem
1044 1127 1125 1190 quae
1149 1107 1272 1171 sublata

87 1211 186 1276 iorma
210 1213 263 1275 illa
285 1213 426 1294 genetivi
448 1212 515 1275 tolli
538 1213 646 1293 possit.
693 1228 764 1272 nam
789 1211 934 1274 mendam
966 1231 1035 1274 esse
1066 1212 1098 1273 in
1122 1210 1273 1275 vocabulo

86 1315 173 1396 quod
196 1327 245 1378 est
262 1317 330 1398 fibo
352 1334 415 1378 nou
439 1314 566 1378 videtur
588 1336 679 1398 posse
703 1312 854 1376 dubitari.
902 1326 979 1395 puto
1000 1325 1105 1378 autem
1130 1313 1161 1376 id
1181 1333 1273 1376 voea-

86 1403 199 1482 bulum
229 1419 331 1481 locum
360 1417 535 1481 obtinuisse
566 1429 713 1499 quattuor
741 1420 933 1502 syllabarum
962 1418 1142 1481 allartiale
1170 1417 1273 1500 scrip-

85 1533 191 1584 tarum
214 1531 246 1583 et
268 1519 385 1584 deinde
401 1521 556 1601 scriptum
577 1541 648 1586 esse
664 1522 798 1586 Fabricii
811 1543 883 1587 eum
899 1532 1010 1602 poetae
1033 1529 1117 1583 esset
1133 1519 1271 1582 Fabrici:

85 1643 158 1686 uam
172 1643 284 1686 versus
298 1633 512 1705 pentametros
528 1624 627 1686 verbo
642 1625 805 1708 trisyllabo
826 1627 954 1706 saepius
970 1623 1133 1686 conclusit.
1166 1623 1272 1703 inepto

87 1726 131 1789 illi
159 1726 228 1808 filio
258 1728 409 1808 conplura
437 1725 589 1789 substitui
617 1737 748 1808 possunt
775 1747 857 1809 quae
886 1738 971 1790 recte
994 1727 1162 1805 dicuntur,
1187 1725 1271 1805 quod

85 1848 197 1892 omnes
219 1827 449 1912 probabilitatis
472 1848 621 1893 numeros
648 1831 792 1911 expleret
814 1850 877 1893 non
901 1831 1020 1893 inveni.

173 1948 265 2011 XCV.
301 1949 335 2010 ln
358 1948 469 2031 glossis
485 1967 567 2030 quae
584 1950 693 2031 Cyrilli
713 1970 881 2032 perperam
897 1949 1047 2013 dicuntur
1061 1951 1120 2012 boe
1142 1951 1269 2032 legitur,

86 2051 207 2137 δρίλλος
229 2071 338 2114 vorce.
385 2051 591 2114 scribendum
616 2072 685 2116 esse
709 2052 807 2138 δρῖλος
836 2073 951 2136 verprm
981 2057 1012 2115 et
1042 2053 1101 2114 alia
1125 2053 1272 2134 glossaria

86 2157 200 2218 docent
222 2166 255 2218 et
277 2153 362 2237 quod
385 2157 419 2217 in
442 2154 524 2217 libro
547 2156 746 2219 Laudunensi
769 2159 922 2238 scriptum
945 2167 994 2219 est
1015 2174 1140 2220 acerras
1180 2155 1273 2218 addi-

87 2270 139 2322 tur
163 2261 197 2320 in
220 2277 258 2320 eo
279 2258 361 2321 libro
383 2258 503 2340 queaa',
535 2259 621 2340 quod
644 2259 723 2340 quid
752 2262 794 2323 sit
822 2262 939 2323 nescio.
986 2259 1120 2322 adiciam
1146 2261 1273 2322 coniec-

87 2373 203 2440 turam,
230 2380 326 2442 quam
348 2361 546 2424 audaciorem
570 2381 640 2426 esse
663 2364 821 2444 intellego,
847 2362 1070 2444 probabilitate
1086 2381 1194 2424 carere
1210 2382 1273 2424 non

89 2477 175 2546 puto.
226 2465 257 2526 in
282 2464 427 2527 Carmine
449 2464 490 2528 de
513 2465 622 2546 liguris
646 2485 675 2528 v.
695 2465 735 2526 55
758 2485 801 2528 ss.
849 2463 1061 2548 διαλελυμένον
1089 2469 1131 2528 ita
1153 2464 1273 2529 descri-

87 2567 185 2649 bitur,

294 2669 469 2733 adiunctum
491 2679 598 2734 contro
620 2679 665 2734 est
685 2673 715 2734 si
735 2672 829 2734 nuliis
852 2673 976 2754 siapulo
997 2679 1090 2734 neoto.

298 2779 471 2856 ‘oopnoscos
493 2777 546 2856 qui
566 2777 620 2850 sis,
646 2793 734 2837 cures
756 2783 794 2850 te,
820 2776 870 2836 vir
892 2777 1015 2856 sopiens
1038 2777 1081 2836 sis

295 2885 323 2940 et
342 2879 432 2959 prius
454 2877 540 2938 uerb.
566 2880 635 2939 time
658 2877 744 2938 iilum
766 2877 915 2958 quaelibet
936 2878 1056 2938 arnum!

88 3033 187 3094 miror
202 3032 364 3113 depravati
380 3032 528 3094 versiculi
546 3033 627 3094 hanc
645 3032 801 3113 placuisse
824 3032 1114 3112 conformationem,
1139 3040 1167 3095 et
1187 3035 1274 3114 pet'us

87 3143 227 3217 serpente
248 3137 317 3197 time
340 3136 426 3197 ilium
440 3135 574 3216 quolibet
587 3155 694 3196 neom.
734 3154 806 3196 nam
830 3143 866 3197 ut
880 3146 999 3198 taceam
1021 3144 1159 3217 serpente
1177 3137 1273 3198 effec-

88 3251 154 3301 tum
180 3257 249 3300 esse
272 3239 391 3300 inmani
415 3240 599 3316 mutatione,
625 3239 765 3301 elisionis
786 3249 892 3300 autem
914 3239 1018 3319 qualis
1041 3241 1072 3300 in
1096 3244 1165 3302 tiam
1187 3241 1273 3302 iilum

91 3343 123 3403 iit
146 3341 269 3403 nullum
291 3338 378 3403 aliud
401 3342 577 3422 exemplum
601 3343 632 3403 in
656 3342 705 3402 his
728 3341 876 3403 versibus
898 3342 1054 3420 inveniri,
1087 3361 1193 3423 neque
1215 3342 1273 3404 ab-

89 3446 232 3506 iunctum
261 3443 338 3506 haec
368 3446 532 3507 continent
560 3463 666 3525 neque
697 3443 852 3525 quomodo
881 3464 952 3508 eum
982 3448 1088 3526 priore
1116 3448 1273 3509 sententia

89 3557 264 3627 congruant
292 3547 496 3626 intellegitur.
543 3547 695 3609 videntur
717 3550 836 3626 potius,
871 3557 905 3610 ut
935 3549 1123 3629 aliquotiens
1154 3549 1185 3610 in
1216 3551 1274 3610 hoc

90 3651 228 3712 carmine
252 3649 368 3712 lectum
393 3661 457 3726 est,
483 3650 544 3713 duo
566 3649 685 3712 adferri
708 3651 853 3713 eiusdem
877 3653 994 3732 figurae
1018 3652 1169 3732 exempla.
1218 3655 1271 3734 qui

90 3763 195 3816 autern
226 3755 353 3833 antiqua
384 3752 542 3816 scribendi
573 3753 749 3834 conpendia
784 3754 870 3816 novit
903 3773 965 3816 non
996 3752 1157 3816 dubitabit
1188 3754 1273 3817 uerb.

90 3875 158 3918 esse
182 3855 306 3918 cerbus.
354 3857 428 3919 hinc
452 3859 594 3938 suspicor
616 3855 819 3920 scribendum
844 3875 913 3919 esse

261 3979 320 4038 ‘est
343 3974 455 4055 driluS,
482 3995 610 4057 verpus,
637 3979 727 4038 timet
750 3977 836 4039 iilum
857 3975 1006 4058 quaelibet
1027 3995 1101 4040 una.
1197 4045 1201 4054 ,

91 4093 208 4179 δρίλους
231 4106 262 4158 et
284 4115 398 4177 verpos
421 4096 521 4160 dictos
544 4117 612 4158 esse
631 4099 775 4160 homines
798 4096 983 4160 libidinosos
1005 4097 1133 4161 lacobsii
1159 4100 1190 4160 in
1206 4097 1273 4160 An-

90 4198 224 4279 tbologia
251 4210 274 4261 t.
300 4219 328 4261 rr
358 4220 389 4281 p.
409 4201 468 4261 ild
504 4199 701 4281 aliorumque
734 4219 796 4262 non
830 4199 1038 4281 inprobabilis
1070 4203 1176 4281 opinio
1209 4211 1268 4263 est.

91 4301 238 4366 Graecam
261 4321 369 4365 vocem
392 4321 454 4364 non
478 4304 590 4364 miror:
629 4303 783 4366 Graecum
810 4314 857 4365 est
886 4304 1010 4367 iimodes
1032 4303 1117 4384 quod
1140 4305 1273 4366 Haasius

92 4423 121 4465 v.
141 4405 199 4465 tat
231 4393 387 4468 restituit.
447 4406 616 4488 drilopotos
645 4406 740 4468 hebet
769 4407 907 4468 scholion
937 4409 969 4468 in
994 4408 1150 4470 luvenalis
1173 4418 1231 4469 sat.
1251 4408 1329 4468 2⁸³8

91 4524 121 4566 v.
140 4508 192 4568 95.
240 4527 343 4589 neque
368 4508 453 4589 quod
476 4527 647 4590 synonyma
670 4511 907 4590 coniunguntur
929 4510 1071 4574 offendit.
