3152 5128
340 381 413 452 272
640 397 683 456 lin
705 415 777 458 rans
799 418 817 456 κ
840 413 1036 460 rmaconrsrs
1058 415 1213 459 ueratro.

339 577 420 668 ᾠδάν
437 584 688 665 intellegendum
706 595 754 647 est
768 595 804 648 ut
819 586 883 647 illie
897 589 1010 669 κῶμον.
1046 586 1225 647 Archilochi
1241 605 1368 648 carmen
1385 597 1446 648 erat
1460 588 1504 646 hoo

339 687 444 768 initio,
462 677 500 750 Ὦ
522 686 674 751 καλλίνικε
694 683 780 774 χαῖρ’
798 680 872 758 ἅναξ
887 682 1053 774 Ἡρακλέος
1068 684 1165 760 Αὐτός
1180 711 1212 752 τε
1227 682 1368 766 αἰόλους,
1392 683 1505 773 αἰχμητὰ

338 784 402 852 δύο.
450 785 589 874 Τήνελλα
611 789 763 855 καλλίνικε
790 793 886 874 (recte
909 793 994 854 enim
1018 792 1186 854 Elmsleius
1209 793 1287 853 haec
1310 793 1351 853 ita
1374 793 1504 852 constitu-

337 894 399 954 isse
415 894 552 978 videtur)
570 916 576 955 :
603 894 679 956 inde
695 895 781 976 quod
795 895 1022 975 Aristophanes
1037 895 1114 957 dicit
1130 896 1162 956 in
1180 895 1242 958 fine
1257 893 1501 971 nebarnensium,

336 990 405 1059 ἀλλ’
439 993 596 1082 ἑψόμεσθα
625 993 680 1082 σὴν
709 992 799 1083 χάριν
830 991 960 1082 τήνελλα
988 995 1157 1062 καλλίνικον
1187 989 1308 1083 ᾄδοντες
1338 995 1372 1060 σὲ
1398 992 1444 1060 καί
1465 992 1503 1060 τδν

336 1093 446 1177 ἀσκόν,
478 1119 540 1162 non
564 1103 764 1182 Dicaeopolin
788 1102 920 1182 eiusque
943 1111 1046 1164 utrem
1068 1099 1257 1172 καλλινίκους
1280 1100 1431 1181 adpellat,
1458 1100 1504 1162 sed

335 1213 481 1266 cantatur
503 1206 535 1266 in
550 1205 751 1286 Dicaeopolin
776 1203 855 1268 illud
876 1199 1006 1288 τήνελλα
1021 1203 1186 1284 καλλίνικε,
1210 1205 1451 1284 notissimosque
1466 1215 1505 1264 est

335 1304 473 1388 duplicis
501 1308 672 1370 accusativi
693 1326 781 1370 usus.
829 1307 915 1370 aliud
938 1309 1087 1372 carminis
1109 1327 1224 1371 nomen
1248 1327 1288 1370 ex
1312 1308 1409 1388 ipsius
1430 1307 1505 1387 prin-

334 1411 416 1490 cipio
439 1412 588 1472 carminis
611 1421 773 1492 sumptum
794 1412 835 1473 ah
858 1413 1012 1493 Hesychio
1035 1411 1203 1490 discimus,
1236 1405 1374 1495 Βορέας·
1403 1403 1505 1472 σκολιόν

333 1535 362 1576 τι
390 1505 486 1585 οὕτως
516 1507 695 1598 ἀρχόμενον.
743 1533 848 1595 neque
878 1515 1017 1576 alienum
1041 1525 1088 1576 est
1111 1513 1195 1595 quod
1218 1513 1392 1594 Xenophon
1414 1521 1505 1574 narrat

334 1614 435 1678 Anah.
454 1618 513 1678 vri
536 1620 573 1696 6,
604 1609 655 1679 καί
676 1609 692 1679 ‘o
716 1614 769 1700 μὲν
792 1610 957 1689 σκυλεύσας
979 1613 1016 1681 τὰ
1037 1609 1116 1681 ’ὅπλα
1132 1620 1190 1680 ’τοῦ
1212 1616 1317 1701 ἑτέρου
1339 1609 1418 1700 ἐξῄει
1436 1606 1504 1700 ᾆδον

333 1714 382 1782 τὸν
405 1714 565 1784 Σιτάλκαν.
613 1720 781 1802 Phrynichi
805 1721 1045 1784 Phoenissarum
1075 1720 1213 1801 paredus
1239 1721 1290 1782 his
1313 1719 1418 1782 verbis
1438 1721 1505 1780 inci-

332 1822 452 1904 piebat,
478 1842 559 1905 quae
575 1824 731 1904 Bergkius
746 1811 831 1904 apud
846 1824 1038 1886 Meinekium
1055 1823 1141 1886 Com.
1168 1835 1190 1886 t.
1209 1843 1239 1884 ιν
1261 1844 1293 1904 p.
1314 1825 1375 1886 632
1394 1825 1503 1904 egregie

334 1927 483 2007 restituit,
509 1920 653 1990 Σιδώνιον
677 1918 751 1990 ἄστυ
773 1920 907 1998 λιπόντες
928 1921 979 1989 καί
1001 1922 1145 2012 δροσερὰν
1160 1917 1305 2012 Ἄραδονε
1334 1925 1407 1988 inde
1421 1927 1504 1987 mmi-

332 2048 388 2090 ous
417 2031 533 2111 aliquis
560 2033 696 2115 γλυκερῷ
719 2027 855 2114 Σιδωνίιρ
878 2041 912 2092 ut
935 2030 1163 2110 significatione
1187 2031 1337 2094 carminis
1360 2051 1432 2094 usus
1450 2041 1500 2101 est,

332 2131 417 2213 quod
441 2144 593 2196 memorat
608 2134 793 2216 Hesychius.
831 2132 1052 2214 Aristophanis
1070 2133 1146 2196 haee
1161 2144 1235 2197 sunt
1251 2136 1283 2196 in
1302 2137 1378 2196 Pace
1394 2155 1423 2195 v.
1437 2136 1499 2208 83i,

329 2230 381 2298 καί
402 2233 445 2307 τίς
467 2235 545 2300 ἐστιν
569 2232 664 2322 ἀστὴρ
686 2239 736 2300 νῦν
759 2235 823 2299 ἐκεῖ
837 2226 908 2298 Ἴων
924 2228 940 2298 ὁ
955 2232 1045 2313 Χῖος,
1070 2228 1162 2321 ὅσπερ
1177 2235 1316 2320 ἐποίησεν
1333 2231 1425 2301 πάλαι
1441 2231 1502 2298 Ἐν-

331 2331 407 2402 θοίδε
429 2333 478 2402 τὸν
501 2334 584 2403 ἀοῖόν
606 2363 695 2416 ποτες
723 2359 804 2422 quae
828 2359 891 2420 quo
913 2338 1004 2401 niodo
1020 2340 1236 2420 intellegenda
1251 2342 1315 2402 sint
1331 2327 1501 2402 scholiastes¹

272 2441 439 2504 atadooet:
465 2433 534 2506 Ἴων
557 2437 573 2506 δ
595 2440 689 2522 Χῖος,
720 2444 842 2524 inquit,
867 2436 1060 2527 διθυράμβων
1082 2439 1135 2506 καί
1155 2442 1326 2529 τραγῳδίας
1348 2439 1397 2507 καί
1418 2445 1502 2526 μελῶν

329 2539 472 2629 ποιητής·
504 2544 627 2631 ἐποίησε
657 2544 690 2610 δὲ
719 2541 801 2632 ᾠδὴν
830 2537 867 2630 ἧς
896 2540 916 2630 ἡ
947 2540 1028 2630 ἀρχή
1059 2541 1166 2609 ιἈοῖον
1194 2541 1373 2632 ἀεροφοίτσν
1396 2542 1500 2630 Ἀστέρο
1564 2541 1565 2618 ί

330 2646 472 2733 μείναμεν
509 2644 614 2714 ἀελίου
642 2647 863 2735 λεοκοπτέρυγα
896 2641 1086 2734 πρόδρομον.’
1140 2650 1228 2712 aliud
1256 2669 1384 2713 carmen
1413 2651 1501 2712 minus

330 2753 534 2833 splendidum
564 2773 679 2816 nomen
708 2753 856 2816 habebat.
903 2755 1024 2833 quippe
1054 2755 1087 2814 in
1115 2752 1375 2815 Acharnensibus
1396 2753 1501 2815 Aristo

329 2855 443 2937 phanis
466 2859 598 2919 Boeotus
620 2856 769 2919 tibicines
791 2858 833 2918 ita
856 2856 1039 2937 adloquitur
1061 2876 1092 2917 v.
1112 2857 1186 2935 862,
1212 2850 1284 2940 δμὲς
1306 2851 1336 2918 δ’
1363 2849 1427 2919 θοοι
1440 2853 1499 2917 Θεί-

329 2957 422 3042 βαθεν
445 2954 575 3044 αὐληταί
594 2955 689 3045 ποίρα,
714 2959 775 3031 τοῖς
790 2953 915 3030 ὀστίνοις
930 2962 1044 3044 φυσῆτε
1065 2953 1115 3022 τὸν
1137 2954 1273 3044 πρωκτὸν
1289 2954 1387 3032 κυνός.
1426 2960 1500 3022 scho
1564 2995 1565 3046 γ

328 3061 435 3124 liastes
465 3073 630 3145 postquam
660 3062 822 3125 adnotavit
847 3056 1029 3132 ἐσπούδαζον
1059 3057 1117 3146 γὰρ
1149 3061 1177 3124 ot
1197 3056 1352 3146 Ἀθηναῖοι
1379 3057 1499 3148 περίιθι

329 3159 433 3242 αὐλόν,
463 3166 519 3229 ubi
543 3168 658 3229 mirum
682 3177 730 3228 est
751 3168 909 3247 patienter
931 3167 1097 3227 toleratum
1122 3185 1191 3228 esse
1215 3185 1357 3228 errorem
1380 3167 1499 3248 apertis

327 3269 441 3333 simum
469 3268 684 3354 (scribendum
707 3278 755 3331 est
777 3269 862 3332 enim
884 3268 913 3331 οί
936 3265 1092 3353 Θηβαῖοι),
1117 3270 1196 3330 haec
1217 3269 1334 3331 deinde
1357 3269 1451 3347 addit,
1470 3261 1496 3328 τδ

327 3370 361 3436 δὲ
381 3368 516 3459 πρωκτὸν
539 3367 626 3444 κυνὸς
648 3366 811 3457 κομμάτιόν
832 3371 910 3435 ἐστιν
927 3367 985 3435 ἀπὸ
999 3371 1174 3458 παροιμίας,
1197 3362 1235 3456 ἢν
1249 3372 1312 3444 τοῖς
1326 3366 1494 3458 ὀφθαλμιῶ-

327 3501 372 3542 σιν
394 3475 512 3562 ἔλεγον,
536 3477 568 3549 ἐς
587 3471 722 3560 πρωκτὸν
744 3469 830 3546 κυνὸς
853 3473 953 3559 βλέπε.
1002 3474 1150 3560 μέμνηται
1171 3469 1496 3559 ἐνἘκκλνγσιαζοιίσοις,

329 3575 440 3668 ιτοιίτιρ
464 3579 516 3665 μὲν
539 3578 634 3658 εἶπον,
659 3579 690 3651 ἐς
711 3573 846 3664 πρωκτὸν
869 3573 957 3650 κυνὸς
973 3576 1074 3661 βλέπε.
1120 3580 1273 3659 scriptum
1288 3581 1393 3660 potius
1407 3588 1450 3642 est
1470 3579 1493 3636 in

326 3686 553 3747 Ecclesiaznsis
574 3703 606 3746 v.
625 3684 687 3748 255
711 3682 742 3754 ἐς
757 3677 845 3753 κυνὸς
866 3676 962 3765 πυγὴν
978 3675 1061 3767 δρᾶν.
1108 3683 1233 3764 pionius
1247 3683 1446 3765 proverbium
1462 3680 1495 3741 ihi

326 3800 374 3851 est
397 3790 429 3850 in
445 3789 572 3868 scholio,
598 3787 629 3858 ἐς
644 3781 731 3858 κυνὸς
744 3779 840 3870 πυγὴν
856 3779 929 3870 δρᾶν
945 3781 997 3848 καί
1011 3789 1101 3869 τριῶν
1118 3779 1292 3848 ἀλωπέκων.
1334 3785 1391 3848 tuit
1407 3795 1495 3847 auten

327 3893 419 3954 etiam
450 3890 537 3954 alind
568 3909 630 3952 non
652 3892 784 3952 minoris
806 3890 981 3970 elegantiae
1004 3888 1225 3971 proverbium,
1258 3891 1350 3952 cuius
1372 3887 1495 3950 meminit

327 4013 365 4056 ex
388 3996 476 4057 asino
500 3994 713 4056 inhominem
738 4010 890 4054 reversus
912 3993 1026 4055 Lucius
1050 4012 1121 4054 curn
1137 3993 1180 4053 ita
1195 3994 1406 4055 narrat-ionem
1421 4007 1492 4054 suam

325 4099 491 4178 terminat,
521 4097 654 4161 ἐνταῦθα
683 4096 765 4168 θεοῖς
793 4097 940 4180 σωτῆρσιν
970 4092 1059 4158 ἔθυον
1083 4091 1135 4159 καί
1157 4089 1343 4179 ἀναθήματα
1364 4091 1490 4178 ἀνέθηκα,

233 4251 236 4258 ,
326 4195 367 4283 μὰ
390 4195 435 4263 Δί’
463 4195 518 4265 οὐκ
540 4201 574 4264 ἐκ
596 4197 683 4272 κυνὸς
704 4202 842 4285 πρωκτοῦ
869 4193 911 4280 (τὸ
933 4192 971 4282 δὴ
992 4193 1179 4282 τοῦλόγου),
1204 4192 1274 4262 ἀλλ’
1291 4199 1324 4270 ἐξ
1337 4191 1490 4280 δνουπερι-

325 4303 425 4388 εργίας
449 4301 499 4369 διὰ
524 4307 640 4389 μσκροδ
653 4299 734 4367 πάνυ
748 4298 800 4365 καί
815 4293 894 4364 οὕτω
909 4296 947 4385 δὴ
964 4295 1049 4385 μόλις
1065 4297 1169 4365 οἴκαδε
1185 4296 1365 4375 ἆνασωθείς.
1403 4313 1489 4365 utrum

323 4417 429 4469 antem
457 4407 663 4489 proverbium
691 4409 847 4470 canticum
878 4405 957 4468 illud
986 4407 1077 4469 cuius
1105 4405 1213 4468 modos
1231 4407 1370 4470 'Boeotus
1389 4406 1489 4468 Aristo

324 4510 438 4592 phanis
460 4511 608 4574 tibicines
631 4530 745 4575 canere
770 4509 860 4572 iubet
882 4509 1022 4590 tetigerit
1038 4527 1193 4590 quaerere
1208 4509 1331 4592 distuli,
1356 4531 1410 4573 nec
1423 4509 1488 4570 scire
