3252 5130
571 423 789 486 Gourrerrnm.
1199 415 1273 488 609

171 608 314 672 CXXXV.
362 611 397 674 ln
419 611 548 690 Aglaiee
571 613 710 677 carmine
734 613 857 678 medico
880 613 967 694 quod
990 636 1008 678 a
1030 617 1169 679 Siehelio
1191 637 1275 680 anno

89 730 250 776 nocccnnvr
282 712 404 776 editum
437 713 554 795 [novoe
583 715 619 778 de
644 716 805 799 philoloqle
833 726 857 778 t.
880 717 917 798 ιι)
955 719 1206 784 Bussemakerus
1240 723 1273 784 in

90 816 186 878 Poetis
214 815 365 880 bucolicis
392 827 423 880 et
459 816 626 882 didacticis
652 818 828 884 Didotianis
862 822 990 902 repetiit
1023 821 1157 900 disticha
1191 843 1273 904 quae

88 919 158 981 inde
180 939 197 980 a
221 921 354 1000 septimo
376 939 473 983 versu
487 921 645 1001 ,leguntur
667 921 728 984 tria
751 921 919 997 emendare
936 943 1028 1005 posse
1051 925 1129 987 mihi
1145 925 1269 988 videor·

72 1024 118 1082 'in
141 1021 246 1084 codice
271 1023 410 1087 Parisino
433 1025 476 1084 ita
498 1025 617 1104 scripta
640 1035 725 1104 sunt,

168 1116 245 1187 ‘ioco
268 1119 292 1186 δ’
317 1121 384 1212 ἔχει
406 1121 502 1210 θρόνα
524 1123 607 1196 λέξαι
628 1123 709 1197 ἔοικέ
732 1151 795 1212 μοι,
821 1122 863 1200 ὡς
884 1123 1046 1215 ἐπαρήγειν

211 1219 247 1311 ἧς
271 1217 307 1291 iio
329 1251 359 1291 τι
380 1223 514 1313 occoepit
531 1223 676 1308 ,clotena
697 1223 754 1315 ἥδε
775 1221 880 1308 πέλει,Ι

167 1322 279 1402 ἄνθους
302 1327 354 1414 μὲν
378 1333 495 1416 χαλκοῖν
517 1327 719 1416 πεντώβολον»
743 1331 882 1420 ἰσοβαρὲς
905 1325 938 1400 δὲ

209 1437 262 1497 τοῦ
285 1430 471 1518 ουοδηλήτοο
492 1431 546 1518 τὴν
570 1429 677 1520 ἀρετὴν
699 1435 833 1522 γονέι-ην,

164 1534 217 1599 καὶ
240 1539 323 1620 μεῖον
345 1533 456 1622 τούτων
480 1532 579 1624 ὀβολῷ
601 1531 790 1624 οτρόγγυλρα
810 1538 956 1624 ποραιλλὲς

207 1631 375 1724 πρόοδεςδ
400 1637 577 1714 Γαλλαϊκοῖς
601 1637 775 1706 ἀλδαίνεται
796 1642 827 1706 ἐν
852 1643 1003 1714 δαπέδοις.

85 1763 175 1806 versu
198 1745 298 1805 altero
319 1737 356 1827 ἧς
379 1735 414 1807 ἄν
437 1768 466 1807 τι
488 1745 628 1825 intellegi
652 1765 714 1807 non
731 1755 843 1826 potest,
871 1742 915 1818 οἷς
937 1736 974 1809 ἄν
989 1767 1018 1808 τι
1040 1756 1156 1822 eutem,
1182 1746 1269 1826 quod

85 1846 218 1906 Sichelio
247 1848 281 1906 in
310 1856 447 1909 mentem
475 1850 579 1926 venit,
605 1849 856 1911 Bussemakerus
878 1867 941 1910 non
971 1850 1127 1930 recipere,
1153 1849 1210 1910 sed
1233 1859 1270 1911 ut

83 1949 172 2028 plane
194 1949 309 2011 inutile
325 1950 448 2012 silentio
464 1947 604 2020 debebat
626 1953 772 2014 transire.
820 1953 1025 2032 participium
1044 1952 1144 2017 latere
1160 1952 1269 2015 Dueb-

83 2070 174 2113 nerus
197 2051 367 2124 intellexit,
393 2053 646 2116 emendationem
668 2073 732 2118 non
755 2054 925 2118 adsecutus
948 2065 1006 2120 est.
1035 2073 1133 2118 versu
1155 2064 1267 2134 quarto

81 2153 190 2236 γενέτιν
219 2154 426 2218 scribendum
455 2175 524 2218 esse
554 2166 586 2220 et
614 2157 772 2244 Sichcllus
799 2158 978 2238 suspicatus
1006 2167 1056 2220 est
1083 2166 1116 2220 et
1144 2167 1268 2220 eertum

83 2259 189 2319 merito
213 2261 339 2338 putavit
359 2257 559 2322 Duebnerus.
606 2279 679 2322 nam
703 2261 788 2341 quod
815 2259 927 2342 γενέτις
954 2260 1030 2323 alibi
1058 2279 1122 2322 non
1152 2262 1269 2340 legitur

82 2380 140 2421 non
164 2362 240 2422 lacit
255 2371 465 2424 momentum:
492 2363 537 2424 sie
560 2361 656 2433 ἑπέτις
671 2363 757 2444 apud
781 2382 879 2426 unum
895 2363 1094 2444 Apollonium
1110 2364 1267 2425 Rhodium

82 2481 112 2525 ιιι
129 2465 187 2524 166
213 2465 394 2541 invenitur,
427 2463 533 2547 ἑπέιης
560 2465 646 2545 apud
675 2483 777 2530 unum
800 2465 971 2528 Pindarum
999 2467 1090 2528 initio
1117 2468 1267 2528 carminis

82 2567 178 2646 Pythii
195 2567 313 2648 quinti,
331 2567 403 2645 nisi,
430 2567 515 2648 quod
531 2585 607 2630 saue
623 2577 709 2650 puto,
736 2567 871 2631 eandem
887 2587 996 2630 vocem
1011 2571 1136 2630 Musaeo
1151 2588 1184 2630 ν.
1205 2571 1265 2632 llil

81 2679 160 2731 recte
198 2670 273 2730 olim
310 2669 447 2732 reddidi.
508 2668 565 2731 sed
606 2669 691 2750 quod
728 2669 920 2734 Duebnerus
953 2670 1158 2734 scribendum
1196 2693 1266 2736 esse

80 2774 209 2860 coniecit
235 2770 372 2856 ἰσοβαρὲς
399 2769 432 2834 δὲ
460 2769 522 2835 Τοῦ
550 2767 736 2856 αοοδηλήτοο
763 2768 835 2858 τῷδ’
863 2765 919 2857 ἄγε
940 2767 994 2856 τήν
1022 2771 1134 2856 γενέτιν
1158 2794 1265 2856 neque

80 2877 144 2936 reri
173 2873 416 2938 similitudinem
444 2873 542 2938 habet
570 2895 675 2956 neque
698 2877 779 2938 iusto
807 2877 920 2939 nititur
945 2887 1142 2956 argumento.
1191 2896 1264 2940 nam

80 2978 161 3056 quod
184 2978 263 3040 dicit
284 2973 413 3062 πρόσθες
437 2979 521 3058 quod
552 2980 585 3040 in
615 2997 711 3041 versu
732 2988 821 3040 sexto
850 2989 898 3041 est
927 2980 1088 3060 postulare
1118 2992 1156 3043 ut
1176 2979 1264 3042 aliud

80 3081 211 3145 verbum
235 3083 446 3161 praecessisse
475 3090 665 3159 statuamus,
691 3082 788 3144 multo
823 3082 917 3144 latius
939 3091 1027 3162 patet
1055 3084 1171 3164 poetici
1194 3101 1265 3145 ser-

79 3185 176 3246 monis
206 3184 338 3246 libertas
367 3204 462 3265 quem
491 3194 527 3246 ut
553 3203 707 3266 negemus
744 3203 780 3246 ex
808 3185 969 3265 conposito
997 3184 1096 3246 verbo
1129 3188 1265 3268 simplex

79 3307 165 3365 posse
192 3287 337 3364 adsumi,
369 3288 556 3368 praesertim
585 3289 618 3349 in
649 3289 788 3349 carmine
817 3287 902 3368 quod
925 3298 1093 3370 praecepta
1122 3288 1265 3352 breviter

79 3392 297 3470 conplectitur.
345 3409 439 3452 versu
468 3400 556 3452 sexto
585 3389 775 3452 Duebnerus
803 3391 951 3472 opinatus
981 3400 1029 3454 est
1057 3390 1263 3454 scribendum

79 3512 144 3555 esse
166 3487 183 3556 ὃ
207 3489 399 3575 Γαγγετιιιοῖς
422 3486 566 3577 βάλλεται
592 3493 652 3572 (vel
668 3485 801 3570 ἅλλεται)
828 3492 860 3556 ἐν
876 3491 1034 3565 δαπέδοιςε
1062 3513 1135 3554 nam
1149 3491 1263 3567 πεδίοις

77 3597 238 3676 scripsisse
262 3594 390 3657 ridetur
413 3615 475 3656 non
498 3596 637 3676 consilio,
663 3597 720 3660 sed
742 3615 802 3678 per
823 3615 974 3659 errorem.
1021 3598 1091 3659 veri
1114 3599 1264 3660 similitu-

78 3698 180 3760 dinem
211 3701 270 3760 ista
301 3697 419 3760 habent
447 3700 584 3778 nullam,
618 3698 697 3780 quid
725 3699 811 3780 quod
842 3695 1032 3782 Γαγγετιιιοῖς
1061 3718 1163 3781 ροειιε
1187 3719 1264 3762 οοιι-

76 3802 202 3864 vellitur
226 3803 294 3883 ipso
318 3801 368 3862 illo
391 3801 432 3864 ad
454 3801 539 3881 quod
561 3801 752 3865 Duebnerus
775 3813 923 3882 provocat
945 3803 1072 3864 scholio.
1111 3822 1184 3864 nam
1206 3804 1263 3883 qui

77 3903 107 3962 in
129 3907 270 3966 carmine
294 3905 370 3984 legit
391 3901 582 3988 Γαγρετικοῖς
598 3905 755 3966 inutiliter
769 3907 848 3966 haec
863 3905 1094 3987 adscripsisset,
1120 3900 1197 3968 κατὰ
1211 3899 1262 3968 τὸν

78 3999 191 4090 Γάγγην
214 4000 348 4089 ποταμὸν
372 4001 531 4078 αὐξάνεται
551 4001 601 4070 τὸν
625 4006 656 4069 ἐν
678 4009 715 4092 τῇ
735 4002 867 4092 Ἰνδικῇ,
898 4019 985 4069 certe
1015 4027 1078 4069 non
1102 4010 1262 4089 explicant

77 4109 151 4170 haec
173 4111 293 4172 scholia
316 4120 377 4172 tam
402 4131 460 4191 per
482 4130 516 4172 se
533 4109 693 4192 expedita.
726 4110 850 4174 accedit
865 4111 950 4192 quod
966 4105 1146 4195 Γαγγετικός
1162 4111 1261 4173 lorma

76 4212 216 4276 vocabuli
241 4231 396 4293 perquam
426 4212 523 4276 dubia
554 4221 619 4291 est,
651 4212 751 4294 proba
780 4214 951 4294 multisque
980 4215 1160 4276 Latinorum
1191 4234 1262 4276 car-

77 4315 193 4377 minum
216 4314 365 4378 versibus
387 4317 568 4378 confirmata
592 4311 786 4400 Γαγγητινός.
834 4335 939 4398 neque
962 4327 1047 4380 recte
1069 4316 1261 4380 Duebnerus

77 4411 216 4498 βάλλεται
239 4438 296 4481 suo
319 4418 394 4480 inde
417 4418 611 4499 praesidium
641 4420 734 4499 petiit
762 4419 847 4498 quod
877 4422 908 4480 in
940 4419 1021 4480 libro
1044 4421 1184 4482 Parisino
1207 4439 1261 4482 se-

77 4531 179 4598 parata
203 4520 245 4582 ab
267 4522 321 4582 illo
343 4522 459 4584 scholio
483 4523 600 4602 legitur
621 4523 761 4584 narratio
791 4521 844 4602 de,
860 4524 960 4584 simiis
982 4524 1075 4604 piper
1105 4543 1142 4584 ex
1163 4521 1271 4638 arbo-¹
