3160 5132
369 392 440 466 102
622 408 948 476 armunensem
971 429 1028 476 urn
1051 429 1293 492 unisonarum.

363 641 379 678 ,
525 598 647 660 Terruit
667 597 788 680 oblecta
804 600 1042 684 procstinpuens
1064 601 1183 664 lumina
1201 601 1328 683 flamma

520 701 557 763 ln
579 719 639 764 sna
660 701 772 783 ampla
789 700 880 783 furit,
905 705 1050 786 aarum
1071 706 1161 768 eoeire
1182 711 1299 770 onnon

519 805 661 884 Materia,
687 823 887 889 nequamque
908 807 1020 876 cadens
1042 827 1242 892 inopiamque
1263 817 1415 874 revertens

520 908 581 970 Dat
602 915 736 991 strcpcm
758 909 828 990 late,
854 927 1038 992 sparsosque
1059 912 1207 996 reonllipit
1228 914 1324 996 ipnes.

365 1043 496 1107 Emicuit
516 1045 667 1127 rupitque]
693 1047 720 1108 si
743 1047 839 1109 totins
863 1047 957 1111 huius
978 1047 1212 1130 pulcherrimae
1227 1050 1449 1132 descriptionis
1463 1051 1539 1112 iilum

365 1147 510 1226 evolvas,
535 1147 616 1210 illud
637 1149 786 1212 continuo
808 1149 1050 1232 deprehendes,
1076 1151 1189 1215 deesse
1213 1155 1266 1216 hio
1287 1155 1537 1230 coniunctionem,

365 1248 567 1331 abruptaque
598 1270 729 1332 prorsus
756 1263 788 1315 et
816 1255 903 1318 nullo
933 1273 1020 1318 nexu
1043 1255 1155 1318 iniorri
1177 1259 1211 1320 in
1239 1275 1299 1320 sno
1325 1258 1435 1339 nupto
1458 1257 1538 1338 sarrit.

365 1371 466 1434 quara
496 1373 554 1435 pro
587 1357 709 1418 Terruit
736 1357 789 1419 vel
817 1358 887 1420 sine
910 1358 1007 1421 ullius
1027 1358 1146 1422 codicis
1167 1361 1354 1424 auctoritate
1377 1360 1540 1422 necessario

366 1468 415 1522 est
436 1457 657 1539 reponendum
684 1461 789 1522 Terret
809 1467 839 1523 et
858 1460 989 1543 obliquam
1014 1481 1078 1543 quo
1099 1463 1261 1544 praesenti
1282 1471 1426 1545 tempore
1447 1473 1479 1526 at
1498 1483 1541 1524 sa·

366 1563 497 1643 quanm
519 1562 707 1640 efferuntur,
732 1564 811 1640 rnit,
836 1563 900 1643 dot,
924 1565 1082 1648 rccoliipit.
1129 1576 1226 1647 atque
1249 1567 1307 1632 hoo
1328 1585 1424 1630 verae
1444 1568 1540 1629 leotin-

365 1667 416 1728 nis
445 1667 578 1746 vestigio
607 1667 709 1729 semel
736 1667 805 1732 viso
834 1667 926 1732 iaoilc
955 1668 1033 1731 mihi
1060 1679 1108 1734 est
1128 1679 1236 1732 catera
1258 1689 1391 1748 eruero;
1425 1671 1539 1732 namin

365 1770 427 1851 his,
452 1787 535 1851 quaa
557 1771 663 1834 statim
686 1779 877 1850 sequuntur,

697 1914 726 1970 et
746 1906 867 1990 obliquo
884 1911 1121 2006 praestrepuens
1144 1898 1409 1994 luminationem

521 2012 559 2074 ln
581 2029 640 2074 suc
662 2011 774 2095 templa
791 2011 882 2094 surii,

365 2151 523 2238 principio
546 2148 632 2214 dolet
654 2152 759 2214 virum
775 2151 948 2216 maximum
963 2160 1027 2218 tam
1042 2151 1214 2218 infeliciter
1229 2153 1308 2221 illud
1320 2157 1539 2240 praestatem

366 2256 399 2319 in
422 2263 545 2320 textum
568 2256 739 2336 recepisse,
766 2274 837 2320 oum
860 2273 970 2318 omncs
992 2254 1059 2320 iera
1075 2255 1199 2320 codices
1214 2258 1267 2322 vol
1277 2260 1487 2344 perstrinpens
1500 2255 1539 2318 vel

362 2359 595 2442 praestringens
618 2358 803 2424 exhibeant.
850 2376 986 2442 quorum
1009 2359 1139 2440 quidam
1160 2363 1320 2426 utrumvis
1342 2372 1429 2426 recte
1447 2381 1480 2424 sa
1494 2359 1539 2420 ha-

366 2460 457 2526 babit
485 2463 512 2526 si
542 2462 660 2528 lumino
688 2462 740 2524 hic
767 2463 900 2544 legerim
937 2465 1075 2528 altorum
1103 2483 1180 2528 vero
1209 2483 1272 2530 uon
1301 2464 1485 2546 ferendum,
1513 2470 1539 2526 ut

307 2553 501 2652 respondens
518 2573 666 2649 paventes
687 2568 855 2632 universos
877 2569 1106 2634 excaecaverit.
1152 2567 1210 2632 sed
1225 2567 1300 2632 vida
1318 2588 1360 2634 ne
1376 2570 1445 2632 leve
1459 2567 1538 2650 plane

366 2677 399 2734 et
426 2671 572 2753 ineptum
599 2671 641 2732 sit
669 2667 704 2732 id
732 2671 765 2732 in
793 2680 899 2736 tantae
929 2671 977 2735 rai
1007 2673 1144 2754 imagine
1174 2691 1310 2758 ponera,
1342 2671 1429 2756 quod
1449 2669 1538 2736 ocules

365 2773 590 2855 praestringat.
636 2773 797 2858 siquidem
826 2775 884 2838 hoc
912 2774 1048 2858 fulguris
1078 2785 1125 2840 est
1155 2785 1188 2848 ct
1217 2777 1458 2858 coruscationis,
1487 2789 1537 2835 non

365 2875 520 2956 fulminis,
538 2875 580 2941 de
595 2895 657 2960 quo
672 2878 725 2942 hic
739 2881 854 2960 agitur.
899 2886 931 2942 et
946 2897 1109 2962 quorsum,
1128 2897 1258 2964 quaeso,
1276 2878 1398 2966 obliquo
1409 2875 1538 2962 panon?

366 2998 439 3046 cum
462 2977 597 3062 fulguris
618 2982 727 3045 lumen
749 2981 966 3064 undequaque
988 2993 1167 3067 spargatur,
1193 2993 1225 3050 et
1239 3002 1301 3066 quo
1316 2985 1417 3068 magis
1432 2991 1535 3046 rectum

367 3092 400 3146 et
420 3081 591 3152 adversum
614 3085 708 3149 ierint
730 3087 854 3168 oculos,
885 3106 922 3150 eo
944 3088 1045 3170 magis
1066 3105 1120 3150 ecs
1143 3088 1350 3168 perstringat.
1397 3081 1537 3168 quidde

365 3187 465 3268 nique
499 3188 701 3252 coniunctum
728 3198 783 3252 aut
811 3199 979 3272 cognatum
1006 3191 1091 3252 inter
1118 3209 1152 3254 se
1179 3189 1301 3254 habent
1325 3194 1537 3276 praesc-inpare

365 3290 466 3356 renim
490 3299 522 3354 et
540 3290 649 3373 furere
670 3293 703 3356 in
724 3294 853 3378 templo,
877 3303 914 3358 ut
936 3294 969 3358 in
991 3311 1092 3360 unum
1114 3295 1204 3361 colon
1226 3293 1475 3360 concludantur?
1494 3308 1536 3354 re·

365 3413 448 3476 pono
470 3413 512 3458 ex
533 3395 715 3460 coniectura
815 3451 819 3460 .

696 3542 726 3598 et
745 3533 866 3618 obliqua
887 3553 1081 3601 mnmasrs
1103 3554 1232 3604 cosman
1251 3537 1380 3640 nanno

520 3638 558 3700 ln
578 3655 639 3701 sanc
660 3639 772 3720 templa
790 3636 881 3720 furit.

367 3776 565 3860 Persrinpens
588 3784 621 3839 et
641 3779 869 3861 perstringens,
899 3778 1035 3841 culmino
1056 3788 1097 3841 et·
1110 3777 1229 3841 lumino
1255 3781 1374 3860 passim
1395 3777 1476 3862 apud
1495 3775 1534 3834 in·

365 3878 472 3944 doctas
501 3879 648 3943 librarios
677 3891 865 3944 commutata
893 3890 979 3945 sunt.
1025 3901 1122 3963 quam
1151 3883 1278 3964 egregia
1308 3903 1384 3946 vero
1406 3887 1532 3946 nascatur

365 3984 418 4046 hio
441 3985 599 4047 sententia
622 3985 684 4050 iam
706 3985 819 4066 opinor
839 3983 947 4064 vides;
976 4004 1092 4068 nempe
1115 3985 1168 4048 illa
1190 3987 1327 4051 Lucretii
1350 3985 1406 4051 ubi
1428 3985 1465 4049 de
1483 3979 1533 4043 iul-

366 4087 452 4153 mino
475 4088 556 4168 agit:
678 4127 679 4130 =

520 4210 609 4272 Nunc
630 4227 674 4272 em
695 4228 751 4292 quo
770 4217 859 4292 pacto
881 4211 1047 4294 pipncntur
1069 4217 1097 4274 et
1119 4213 1225 4293 impete
1246 4218 1329 4274 toan

520 4315 620 4390 Fiant,
644 4321 679 4376 nt
696 4314 816 4396 possint
838 4315 899 4377 ictu
920 4313 1091 4377 discludere
1113 4322 1227 4392 turres,

449 4477 451 4484 .
519 4417 702 4480 unarum
723 4417 836 4494 domos,
861 4417 994 4480 auellere
1015 4419 1101 4501 tiprtc
1122 4418 1290 4502 trabesque.

367 4536 451 4601 idem
475 4555 603 4618 quoque
627 4539 660 4599 in
683 4558 719 4602 re
742 4537 854 4604 eadem
872 4537 1069 4625 perfringere
1090 4548 1235 4626 usurpat,
