3182 5132
349 412 421 484 482
742 425 786 486 Ex
808 443 904 487 aeaut
929 425 1135 485 Bruotrusssr.

348 634 394 678 me
423 615 515 696 plura
544 631 640 695 quam
670 631 749 694 opus
771 621 840 674 erat
862 611 989 674 molitus
1013 621 1071 673 est.
1118 606 1305 672 emendatur
1325 608 1399 668 enim
1416 607 1487 667 oratio

348 720 374 781 si
404 736 507 801 meque
536 717 568 779 in
597 735 701 799 nempe
726 725 869 778 mutatur
897 725 929 777 et
957 731 1130 795 pronomen
1159 711 1289 774 minime
1317 709 1488 773 necessarium

348 822 513 883 omittitur.

433 923 508 985 ΧΗ.
541 919 712 1002 Euripides
733 919 829 984 Aeolo
856 919 942 1000 apud
963 917 1134 982 Stobaeum
1156 917 1223 978 Ecl.
1241 916 1330 999 phys.
1347 915 1388 976 ιδ
1407 915 1493 996 phil

348 1028 440 1089 Heer.

574 1105 591 1174 δ
613 1105 722 1196 χρόνος
745 1102 863 1175 ἅπαντα
884 1107 977 1172 τοῖσιν
999 1099 1121 1192 ὕστερον
1144 1099 1272 1191 φράσει·

574 1207 665 1284 λάλος
687 1209 766 1276 ἐστὶν
790 1203 884 1292 οὗτος,
911 1205 966 1276 citt
988 1209 1138 1294 ἐρωτῶσιν
1161 1208 1253 1291 λέγει,

347 1353 410 1396 non
438 1336 514 1396 satis
542 1334 714 1396 cohaerent
742 1333 827 1395 inter
855 1349 993 1412 seques
1017 1332 1049 1392 in
1071 1331 1170 1392 altero
1192 1327 1348 1390 versiculo
1369 1325 1500 1402 dicuntur,

347 1428 431 1509 οὗτος
453 1447 559 1500 autem
581 1436 694 1498 inutile
717 1447 776 1498 est.
824 1453 923 1515 quare
946 1435 1140 1514 scripserim,
1164 1431 1269 1513 paullo
1292 1428 1416 1510 quidem
1434 1429 1504 1490 alitor

347 1559 442 1622 quam
468 1540 539 1602 aliis
563 1541 666 1602 visum
688 1547 747 1619 est,

574 1637 664 1713 λάλος
687 1637 748 1705 ἐστὶ
770 1635 879 1712 καύτὸς
901 1633 955 1704 οὐκ
977 1640 1127 1724 ἐρωτῶσιν
1149 1636 1242 1720 λέγει.

433 1745 525 1820 Quod
546 1745 774 1826 Aristophanes
797 1747 873 1806 Ean.
894 1765 925 1806 ν.
946 1744 984 1805 93
1010 1742 1088 1805 dicit
1108 1733 1274 1828 χελιδάντον
1297 1738 1418 1822 μουσεῖα
1437 1737 1507 1798 schc

347 1851 453 1912 liastes
475 1859 584 1911 narrat
607 1848 723 1911 lactum
748 1867 818 1910 esse
840 1841 923 1931 παρά
945 1841 981 1910 τά
1004 1847 1036 1910 ἐν
1056 1841 1203 1932 Ἀλκμήνῃ
1227 1837 1391 1930 Εάριπίδαυ

573 1946 666 2022 πολὺς
689 1946 717 2014 δ’
743 1946 863 2035 άνεῖρττε
885 1944 997 2029 κιασάς,
1024 1945 1138 2035 εδφυής
1160 1946 1281 2028 κλάδος,

573 2050 737 2139 χελιδόνων
761 2053 911 2137 μουσεῖον.

346 2156 466 2220 dixisse
489 2157 675 2238 Euripidem
698 2151 836 2239 ἀηδόνων
860 2157 998 2240 μουσεῖον
1021 2159 1155 2238 pulchre
1178 2156 1343 2238 perspexit
1360 2150 1511 2214 lleinekius

346 2259 477 2322 Theocr.
496 2281 528 2342 p.
549 2261 621 2322 439.
647 2261 799 2322 nimirum
822 2260 934 2322 ecdem
957 2258 990 2322 id
1013 2279 1122 2323 errore
1139 2260 1346 2341 depravatum
1362 2265 1408 2318 est
1421 2272 1474 2334 quo
1487 2253 1509 2310 iu

346 2365 570 2425 Timocreontis
599 2381 727 2424 carmen
756 2357 873 2448 ἠπείρῳ
896 2383 935 2424 ex
957 2363 1178 2444 Aristophanis
1200 2360 1358 2423 versiculo
1379 2358 1452 2419 male
1472 2356 1510 2414 iu-

346 2468 444 2529 latum
468 2472 537 2528 ess'e
560 2484 662 2546 supra⁸
680 2465 773 2529 docui
796 2475 847 2528 t.1
870 2486 903 2547 p.
918 2467 980 2528 399
1004 2465 1124 2550 [supra
1138 2485 1169 2546 p.
1184 2461 1281 2548 etej.
1315 2461 1372 2525 sed
1387 2458 1510 2540 displicet

288 2581 336 2630 ses
346 2568 387 2632 de
411 2569 528 2632 hedera
551 2569 703 2648 singulari
727 2557 866 2631 numero¹
889 2568 1010 2632 dietum
1033 2563 1146 2654 εὐφυὴς
1160 2561 1282 2637 κλάδος.
1330 2566 1432 2645 itaque
1450 2561 1512 2622 ller-

347 2691 482 2734 mannus
508 2665 629 2742 κλάδοις
653 2671 856 2734 scribendum
880 2692 950 2735 esse
973 2673 1115 2734 coniecit.
1163 2653 1331 2751 legebatur
1354 2669 1435 2730 enim
1454 2665 1511 2725 olim

345 2774 477 2859 ἐνεῑραει
511 2773 568 2836 sed
592 2769 727 2857 desipere,
755 2773 841 2855 quod
864 2774 979 2837 Suidas
1001 2777 1034 2838 in
1056 2771 1221 2860 χελιδόνων
1244 2771 1394 2854 praebet,
1419 2767 1513 2831 conllr-

346 2888 449 2939 matur
478 2877 632 2939 librorum
656 2879 844 2940 Ravennatis
874 2887 906 2939 et
927 2878 1098 2940 Florentini
1130 2896 1237 2940 errore
1261 2869 1297 2939 ἂν
1321 2870 1412 2959 εἷρπε.
1452 2869 1512 2931 mihi

345 2981 439 3042 etiam
469 2980 546 3040 haec
576 2990 661 3043 recle
691 2980 866 3042 correxisse
897 2978 1027 3042 videtur
1055 2980 1249 3058 lleinekius,
1282 2997 1377 3058 quern
1406 2975 1443 3038 de
1469 2975 1514 3033 har

346 3081 576 3144 emendationis
592 3093 681 3164 parte
698 3103 761 3145 uon
777 3083 1000 3144 admonentem
1016 3085 1175 3146 Nauellius
1190 3085 1282 3161 Trag.
1299 3080 1409 3162 fragm.
1423 3101 1452 3160 p.
1465 3077 1513 3136 308

345 3186 497 3266 neglexit.
537 3187 663 3266 scripsit
685 3189 770 3248 enim
787 3188 962 3249 lleinekius
984 3181 1076 3256 πολθς
1099 3179 1126 3248 δ’
1153 3180 1274 3269 ἀνεῑραε
1295 3179 1399 3255 etech<
1415 3176 1514 3266 εὐφυεῖς

345 3282 489 3366 κλάδους,
516 3297 611 3368 atque
633 3289 692 3351 hoe
715 3290 818 3370 ipsum
843 3291 875 3350 in
899 3288 1061 3370 Euripidis
1084 3307 1181 3350 versu
1203 3288 1318 3367 legisse
1342 3287 1418 3348 mihi
1439 3281 1514 3344 ride-

345 3401 397 3453 tur
419 3391 527 3451 Pollux
557 3390 696 3471 indeque
719 3395 892 3474 sumpsisse
916 3391 1002 3474 quod
1025 3391 1102 3454 dicit
1118 3409 1128 3452 r
1144 3391 1206 3453 236
1229 3383 1360 3461 κλάδους
1382 3385 1513 3470 adpellari

345 3511 437 3574 posse
471 3487 602 3576 εὐφυεῖς.
655 3505 690 3556 ut
719 3494 890 3575 Euripides
925 3495 1056 3575 figurate
1092 3498 1134 3557 ita
1167 3495 1296 3575 proprie
1332 3492 1450 3554 locutus
1478 3499 1513 3551 est

344 3595 458 3658 Aratus
473 3615 504 3656 v.
523 3595 598 3675 957,
623 3590 675 3658 καλ
696 3589 805 3682 ἀθρόοι
827 3587 929 3681 ὦφθεν
952 3593 1049 3688 ἴουλοι
1071 3593 1166 3682 Τείχη
1190 3591 1379 3681 άνέρποντες.

429 3698 479 3760 hd
502 3699 591 3761 Statii
615 3697 714 3760 Theb.
733 3719 751 3758 ν
769 3700 826 3760 463
852 3701 1051 3762 circumvolet
1078 3699 1188 3761 umbro
1210 3698 1408 3779 adscriptum
1429 3707 1471 3758 est
1490 3695 1513 3753 in

344 3801 472 3862 scholiis
488 3809 515 3863 et
529 3801 582 3863 loc
594 3803 716 3882 poetice,
735 3809 769 3863 ut
780 3803 941 3883 Euripides
956 3821 1081 3884 syrseen
1095 3819 1217 3884 opersn.
1247 3797 1408 3864 Nauchlus
1421 3821 1450 3881 p.
1464 3799 1512 3858 tlt

344 3903 422 3966 dicit
437 3905 495 3966 hoc
510 3923 544 3966 se
559 3923 622 3965 non
638 3903 803 3984 expedire.
836 3905 1021 3986 expedierat
1033 3907 1186 3968 Porsouus
1201 3907 1234 3966 in
1246 3904 1322 3966 Eur.
1337 3903 1391 3966 Or.
1409 3921 1438 3964 ν.
1453 3903 1512 3963 iil.

428 4009 518 4068 XLll.
552 4007 634 4068 Plato
657 4005 699 4067 de
721 4006 880 4088 legibusr
901 4029 933 4090 p.
952 4001 1030 4070 ll'l‘¹
1052 4004 1104 4070 καλ
1125 4001 1198 4092 γάρ,
1224 3996 1250 4068 ὦ
1274 4002 1407 4090 Μέγιλλέ
1428 4029 1457 4068 τε
1476 3997 1515 4065 καλ

344 4104 474 4190 Καλλία,
502 4105 579 4193 μηδὲ
600 4103 685 4173 τοῦθ’
711 4103 792 4194 ἡμᾶς
814 4110 990 4175 λανθανέτω
1011 4107 1079 4196 αερλ
1094 4103 1204 4186 τάττων,
1229 4103 1271 4181 ὡς
1287 4103 1342 4172 οὐκ
1357 4105 1429 4173 eicie
1442 4099 1514 4171 ἄλλοι

344 4209 419 4283 τινὲς
449 4211 640 4297 διαφέροντες
668 4203 768 4276 ἄλλων
794 4211 893 4276 τόπων
915 4207 988 4298 πρὸς
1009 4209 1043 4278 τὸ
1064 4217 1170 4299 γεννᾶν
1194 4207 1372 4298 ἀνθρώπους
1393 4207 1514 4294 eptem

344 4311 395 4378 καλ
424 4312 561 4399 χείρους,
592 4311 638 4386 οἶς
668 4309 722 4378 οὐκ
750 4314 870 4380 ἐναντία
898 4316 1127 4400 νομοθετητέον.
1174 4316 1271 4378 nullis
1301 4310 1509 4396 interpretandi

344 4419 486 4481 artificiis
514 4411 568 4482 edu
598 4415 672 4484 εἰολν
703 4419 832 4482 defendi
860 4430 980 4502 potest:
1015 4421 1207 4482 contrarium
1236 4419 1323 4481 enim
1345 4418 1506 4498 requiritur.

344 4519 450 4584 hstius
474 4523 570 4602 igitur
592 4515 646 4586 οὐκ
669 4523 861 4585 existimavit
883 4521 1056 4586 delendum
1081 4541 1169 4586 esse:
1194 4521 1289 4601 quale
1306 4517 1508 4584 emendationis
