<?xml version="1.0" encoding="UTF-8"?>
<!DOCTYPE html PUBLIC "-//W3C//DTD XHTML 1.0 Transitional//EN"
    "http://www.w3.org/TR/xhtml1/DTD/xhtml1-transitional.dtd">
<html xmlns="http://www.w3.org/1999/xhtml" xml:lang="en" lang="en">
 <head>
  <title>
</title>
<meta http-equiv="Content-Type" content="text/html;charset=utf-8" />
  <meta name='ocr-system' content='tesseract 3.04.00' />
  <meta name='ocr-capabilities' content='ocr_page ocr_carea ocr_par ocr_line ocrx_word'/>
</head>
<body>
  <div class='ocr_page' id='page_1' title='image "./mavriciihavptii01haupgoog/mavriciihavptii01haupgoog_0312.png"; bbox 0 0 3156 5132; ppageno 0'>
   <div class='ocr_carea' id='block_1_1' title="bbox 480 409 1242 489">
    <p class='ocr_par' dir='ltr' id='par_1_1' title="bbox 480 409 1242 489">
     <span class='ocr_line' id='line_1_1' title="bbox 480 409 1242 489; baseline -0.01 -1"><span class='ocrx_word' id='word_1_1' title='bbox 480 430 651 489; x_wconf 77' lang='grc' dir='ltr'><strong>Τιιυπιιιυι</strong></span> <span class='ocrx_word' id='word_1_2' title='bbox 673 426 817 487; x_wconf 63' lang='lat' dir='ltr'>Gustus.</span> <span class='ocrx_word' id='word_1_3' title='bbox 1167 409 1242 482; x_wconf 79' lang='lat'><strong>299</strong></span> 
     </span>
    </p>
   </div>
   <div class='ocr_carea' id='block_1_2' title="bbox 10 583 1285 3022">
    <p class='ocr_par' dir='ltr' id='par_1_2' title="bbox 57 583 1285 822">
     <span class='ocr_line' id='line_1_2' title="bbox 756 583 763 604; baseline 0 0"><span class='ocrx_word' id='word_1_4' title='bbox 756 583 763 604; x_wconf 83' lang='lat'><strong><em>.</em></strong></span> 
     </span>
     <span class='ocr_line' id='line_1_3' title="bbox 117 621 1221 718; baseline -0.002 -24"><span class='ocrx_word' id='word_1_5' title='bbox 117 655 185 718; x_wconf 88' lang='grc' dir='ltr'><strong>κεφ.</strong></span> <span class='ocrx_word' id='word_1_6' title='bbox 212 627 252 694; x_wconf 86' lang='grc' dir='ltr'><strong>ν’.</strong></span> <span class='ocrx_word' id='word_1_7' title='bbox 298 629 365 718; x_wconf 85' lang='grc' dir='ltr'><strong>περί</strong></span> <span class='ocrx_word' id='word_1_8' title='bbox 391 628 545 718; x_wconf 90' lang='grc' dir='ltr'><strong>κορκότου.</strong></span> <span class='ocrx_word' id='word_1_9' title='bbox 593 627 638 697; x_wconf 82' lang='grc' dir='ltr'><strong>ότι</strong></span> <span class='ocrx_word' id='word_1_10' title='bbox 667 629 771 717; x_wconf 86' lang='grc' dir='ltr'><strong>θηρίον</strong></span> <span class='ocrx_word' id='word_1_11' title='bbox 800 625 877 694; x_wconf 79' lang='grc' dir='ltr'><strong>ἐστίν</strong></span> <span class='ocrx_word' id='word_1_12' title='bbox 908 621 1003 712; x_wconf 78' lang='grc' dir='ltr'><strong>ὄνομα</strong></span> <span class='ocrx_word' id='word_1_13' title='bbox 1031 624 1221 716; x_wconf 86' lang='grc' dir='ltr'><strong>κορκότης,ι</strong></span> 
     </span>
     <span class='ocr_line' id='line_1_4' title="bbox 57 723 1285 822; baseline 0.003 -26"><span class='ocrx_word' id='word_1_14' title='bbox 57 729 144 798; x_wconf 86' lang='grc' dir='ltr'><strong>λόκυυ</strong></span> <span class='ocrx_word' id='word_1_15' title='bbox 173 733 257 822; x_wconf 84' lang='grc' dir='ltr'><strong>ἔχων</strong></span> <span class='ocrx_word' id='word_1_16' title='bbox 288 736 433 820; x_wconf 87' lang='grc' dir='ltr'><strong>μέγεθος·</strong></span> <span class='ocrx_word' id='word_1_17' title='bbox 469 741 529 799; x_wconf 86' lang='grc' dir='ltr'><strong>τῶν</strong></span> <span class='ocrx_word' id='word_1_18' title='bbox 559 734 592 799; x_wconf 80' lang='grc' dir='ltr'><strong>δὲ</strong></span> <span class='ocrx_word' id='word_1_19' title='bbox 620 735 770 818; x_wconf 79' lang='grc' dir='ltr'><strong>ποιμένων</strong></span> <span class='ocrx_word' id='word_1_20' title='bbox 799 723 976 797; x_wconf 80' lang='grc' dir='ltr'><strong>καλούντωνΙ</strong></span> <span class='ocrx_word' id='word_1_21' title='bbox 1008 728 1076 805; x_wconf 86' lang='grc' dir='ltr'><strong>τοδς</strong></span> <span class='ocrx_word' id='word_1_22' title='bbox 1100 732 1191 804; x_wconf 83' lang='grc' dir='ltr'>ἰδίους</span> <span class='ocrx_word' id='word_1_23' title='bbox 1255 755 1285 801; x_wconf 76' lang='lat'><strong>27</strong></span> 
     </span>
    </p>

    <p class='ocr_par' dir='ltr' id='par_1_3' title="bbox 55 832 1222 1231">
     <span class='ocr_line' id='line_1_5' title="bbox 56 832 1190 926; baseline 0 -28"><span class='ocrx_word' id='word_1_24' title='bbox 56 839 160 910; x_wconf 86' lang='grc' dir='ltr'><strong>παῖδας</strong></span> <span class='ocrx_word' id='word_1_25' title='bbox 183 835 342 922; x_wconf 83' lang='grc' dir='ltr'><strong>ὀνομαστί,</strong></span> <span class='ocrx_word' id='word_1_26' title='bbox 367 841 500 923; x_wconf 80' lang='grc' dir='ltr'>μιμεῖται</span> <span class='ocrx_word' id='word_1_27' title='bbox 521 836 573 912; x_wconf 83' lang='grc' dir='ltr'><strong>τὰς</strong></span> <span class='ocrx_word' id='word_1_28' title='bbox 596 835 698 926; x_wconf 87' lang='grc' dir='ltr'><strong>φωνάς</strong></span> <span class='ocrx_word' id='word_1_29' title='bbox 719 841 779 902; x_wconf 83' lang='grc' dir='ltr'><strong>τῶν</strong></span> <span class='ocrx_word' id='word_1_30' title='bbox 801 833 954 921; x_wconf 79' lang='grc' dir='ltr'>ὀνομάτων</span> <span class='ocrx_word' id='word_1_31' title='bbox 970 832 1021 900; x_wconf 84' lang='grc' dir='ltr'><strong>καί</strong></span> <span class='ocrx_word' id='word_1_32' title='bbox 1037 836 1190 923; x_wconf 78' lang='grc' dir='ltr'><strong>λαθραίως</strong></span> 
     </span>
     <span class='ocr_line' id='line_1_6' title="bbox 56 937 1190 1028; baseline 0.003 -26"><span class='ocrx_word' id='word_1_33' title='bbox 56 943 139 1005; x_wconf 84' lang='grc' dir='ltr'><strong>καλεῖ</strong></span> <span class='ocrx_word' id='word_1_34' title='bbox 160 938 213 1006; x_wconf 86' lang='grc' dir='ltr'><strong>καλ</strong></span> <span class='ocrx_word' id='word_1_35' title='bbox 238 938 326 1015; x_wconf 79' lang='grc' dir='ltr'><strong>αὐτὸς</strong></span> <span class='ocrx_word' id='word_1_36' title='bbox 349 937 460 1027; x_wconf 85' lang='grc' dir='ltr'><strong>δμοίως</strong></span> <span class='ocrx_word' id='word_1_37' title='bbox 482 942 534 1006; x_wconf 87' lang='grc' dir='ltr'><strong>καλ</strong></span> <span class='ocrx_word' id='word_1_38' title='bbox 556 938 765 1028; x_wconf 74' lang='grc' dir='ltr'><strong>ἀπατηθέντας</strong></span> <span class='ocrx_word' id='word_1_39' title='bbox 786 937 854 1012; x_wconf 86' lang='grc' dir='ltr'><strong>τοδς</strong></span> <span class='ocrx_word' id='word_1_40' title='bbox 876 941 986 1012; x_wconf 86' lang='grc' dir='ltr'><strong>παῖδας</strong></span> <span class='ocrx_word' id='word_1_41' title='bbox 1001 941 1066 1013; x_wconf 88' lang='grc' dir='ltr'><strong>ταῖς</strong></span> <span class='ocrx_word' id='word_1_42' title='bbox 1081 939 1190 1008; x_wconf 87' lang='grc' dir='ltr'><strong>τοιαό-</strong></span> 
     </span>
     <span class='ocr_line' id='line_1_7' title="bbox 58 1041 1222 1134; baseline 0 -28"><span class='ocrx_word' id='word_1_43' title='bbox 58 1069 118 1115; x_wconf 88' lang='grc' dir='ltr'><strong>ταις</strong></span> <span class='ocrx_word' id='word_1_44' title='bbox 148 1047 267 1130; x_wconf 87' lang='grc' dir='ltr'><strong>φωναῖς</strong></span> <span class='ocrx_word' id='word_1_45' title='bbox 304 1043 355 1110; x_wconf 86' lang='grc' dir='ltr'><strong>καί</strong></span> <span class='ocrx_word' id='word_1_46' title='bbox 384 1047 622 1134; x_wconf 81' lang='grc' dir='ltr'><strong>προστρέχοντας</strong></span> <span class='ocrx_word' id='word_1_47' title='bbox 651 1044 707 1117; x_wconf 77' lang='grc' dir='ltr'><strong>ἔξω</strong></span> <span class='ocrx_word' id='word_1_48' title='bbox 736 1050 789 1130; x_wconf 81' lang='grc' dir='ltr'><strong>τῆς</strong></span> <span class='ocrx_word' id='word_1_49' title='bbox 820 1044 945 1128; x_wconf 77' lang='grc' dir='ltr'><strong>ποίμνης</strong></span> <span class='ocrx_word' id='word_1_50' title='bbox 977 1041 1078 1129; x_wconf 73' lang='grc' dir='ltr'><strong>λαβεῖν</strong></span> <span class='ocrx_word' id='word_1_51' title='bbox 1109 1041 1222 1117; x_wconf 85' lang='grc' dir='ltr'><strong>ἐκτδς5</strong></span> 
     </span>
     <span class='ocr_line' id='line_1_8' title="bbox 55 1143 470 1231; baseline 0.002 -21"><span class='ocrx_word' id='word_1_52' title='bbox 55 1153 103 1231; x_wconf 77' lang='grc' dir='ltr'><strong>της</strong></span> <span class='ocrx_word' id='word_1_53' title='bbox 126 1143 285 1222; x_wconf 74' lang='grc' dir='ltr'><strong>ἐπαύλεως</strong></span> <span class='ocrx_word' id='word_1_54' title='bbox 306 1149 470 1214; x_wconf 86' lang='grc' dir='ltr'><strong>κατεσθίει.</strong></span> 
     </span>
    </p>

    <p class='ocr_par' dir='ltr' id='par_1_4' title="bbox 115 1253 944 1348">
     <span class='ocr_line' id='line_1_9' title="bbox 115 1253 944 1348; baseline 0 -24"><span class='ocrx_word' id='word_1_55' title='bbox 115 1253 161 1324; x_wconf 87' lang='grc' dir='ltr'><strong>ότι</strong></span> <span class='ocrx_word' id='word_1_56' title='bbox 184 1259 266 1325; x_wconf 83' lang='grc' dir='ltr'><strong>ἐστίν</strong></span> <span class='ocrx_word' id='word_1_57' title='bbox 289 1253 381 1335; x_wconf 86' lang='grc' dir='ltr'><strong>ἀλλος</strong></span> <span class='ocrx_word' id='word_1_58' title='bbox 402 1258 546 1347; x_wconf 89' lang='grc' dir='ltr'><strong>κορκότης</strong></span> <span class='ocrx_word' id='word_1_59' title='bbox 569 1255 835 1348; x_wconf 87' lang='grc' dir='ltr'><strong>ἀνθρωπόμορφος.</strong></span> <span class='ocrx_word' id='word_1_60' title='bbox 866 1334 872 1347; x_wconf 44' lang='grc' dir='ltr'>Ι</span> <span class='ocrx_word' id='word_1_61' title='bbox 942 1272 944 1289; x_wconf 86' lang='grc'><strong>“</strong></span> 
     </span>
    </p>

    <p class='ocr_par' dir='ltr' id='par_1_5' title="bbox 10 1356 1246 1867">
     <span class='ocr_line' id='line_1_10' title="bbox 115 1356 1190 1451; baseline 0 -25"><span class='ocrx_word' id='word_1_62' title='bbox 115 1356 162 1426; x_wconf 79' lang='grc' dir='ltr'><strong>ὅτι</strong></span> <span class='ocrx_word' id='word_1_63' title='bbox 193 1361 275 1437; x_wconf 85' lang='grc' dir='ltr'><strong>εἰκδς</strong></span> <span class='ocrx_word' id='word_1_64' title='bbox 305 1367 425 1451; x_wconf 79' lang='grc' dir='ltr'><strong>φρονεῖν</strong></span> <span class='ocrx_word' id='word_1_65' title='bbox 455 1361 491 1430; x_wconf 83' lang='grc' dir='ltr'><strong>τὰ</strong></span> <span class='ocrx_word' id='word_1_66' title='bbox 522 1357 619 1448; x_wconf 81' lang='grc' dir='ltr'><strong>ἀλογα</strong></span> <span class='ocrx_word' id='word_1_67' title='bbox 649 1368 713 1451; x_wconf 71' lang='grc' dir='ltr'><strong>ζῷα</strong></span> <span class='ocrx_word' id='word_1_68' title='bbox 743 1365 773 1435; x_wconf 84' lang='grc' dir='ltr'><strong>ἐξ</strong></span> <span class='ocrx_word' id='word_1_69' title='bbox 802 1357 843 1426; x_wconf 84' lang='grc' dir='ltr'><strong>ὧν</strong></span> <span class='ocrx_word' id='word_1_70' title='bbox 867 1359 1034 1449; x_wconf 76' lang='grc' dir='ltr'><strong>ἀπεδείχθη</strong></span> <span class='ocrx_word' id='word_1_71' title='bbox 1057 1359 1190 1426; x_wconf 85' lang='grc' dir='ltr'><strong>ποιιδνδ</strong></span> 
     </span>
     <span class='ocr_line' id='line_1_11' title="bbox 57 1461 1194 1555; baseline 0.002 -27"><span class='ocrx_word' id='word_1_72' title='bbox 57 1463 197 1552; x_wconf 87' lang='grc' dir='ltr'><strong>κορκότης</strong></span> <span class='ocrx_word' id='word_1_73' title='bbox 228 1467 281 1532; x_wconf 87' lang='grc' dir='ltr'><strong>καί</strong></span> <span class='ocrx_word' id='word_1_74' title='bbox 311 1463 326 1532; x_wconf 84' lang='grc' dir='ltr'><strong>δ</strong></span> <span class='ocrx_word' id='word_1_75' title='bbox 355 1466 503 1555; x_wconf 73' lang='grc' dir='ltr'><strong>πελαργὸς</strong></span> <span class='ocrx_word' id='word_1_76' title='bbox 531 1466 582 1533; x_wconf 82' lang='grc' dir='ltr'><strong>καί</strong></span> <span class='ocrx_word' id='word_1_77' title='bbox 611 1463 627 1532; x_wconf 88' lang='grc' dir='ltr'><strong>δ</strong></span> <span class='ocrx_word' id='word_1_78' title='bbox 651 1469 740 1545; x_wconf 87' lang='grc' dir='ltr'><strong>λέων,</strong></span> <span class='ocrx_word' id='word_1_79' title='bbox 771 1463 790 1552; x_wconf 77' lang='grc' dir='ltr'><strong>ἦ</strong></span> <span class='ocrx_word' id='word_1_80' title='bbox 815 1462 937 1551; x_wconf 80' lang='grc' dir='ltr'><strong>ἀηδοίν,</strong></span> <span class='ocrx_word' id='word_1_81' title='bbox 967 1461 1143 1552; x_wconf 78' lang='grc' dir='ltr'><strong>ἡτρυγυίν,</strong></span> <span class='ocrx_word' id='word_1_82' title='bbox 1174 1463 1194 1542; x_wconf 80' lang='grc' dir='ltr'><strong>δΙ</strong></span> 
     </span>
     <span class='ocr_line' id='line_1_12' title="bbox 59 1564 1246 1659; baseline -0.003 -26"><span class='ocrx_word' id='word_1_83' title='bbox 59 1565 149 1645; x_wconf 88' lang='grc' dir='ltr'><strong>ἀετός,</strong></span> <span class='ocrx_word' id='word_1_84' title='bbox 175 1567 192 1634; x_wconf 86' lang='grc' dir='ltr'><strong>δ</strong></span> <span class='ocrx_word' id='word_1_85' title='bbox 216 1571 405 1659; x_wconf 88' lang='grc' dir='ltr'><strong>πορφυρίων,</strong></span> <span class='ocrx_word' id='word_1_86' title='bbox 429 1568 445 1636; x_wconf 84' lang='grc' dir='ltr'><strong>δ</strong></span> <span class='ocrx_word' id='word_1_87' title='bbox 468 1573 592 1658; x_wconf 83' lang='grc' dir='ltr'><strong>ἐλέφας,</strong></span> <span class='ocrx_word' id='word_1_88' title='bbox 617 1567 637 1656; x_wconf 84' lang='grc' dir='ltr'>ἡ</span> <span class='ocrx_word' id='word_1_89' title='bbox 661 1571 799 1656; x_wconf 75' lang='grc' dir='ltr'><strong>μέλισσα,</strong></span> <span class='ocrx_word' id='word_1_90' title='bbox 824 1567 843 1655; x_wconf 80' lang='grc' dir='ltr'>ἡ</span> <span class='ocrx_word' id='word_1_91' title='bbox 866 1571 1002 1656; x_wconf 78' lang='grc' dir='ltr'><strong>γέρανος,</strong></span> <span class='ocrx_word' id='word_1_92' title='bbox 1028 1564 1190 1655; x_wconf 90' lang='grc' dir='ltr'><strong>δδρυοκο-</strong></span> <span class='ocrx_word' id='word_1_93' title='bbox 1216 1581 1246 1630; x_wconf 84' lang='lat'><strong>10</strong></span> 
     </span>
     <span class='ocr_line' id='line_1_13' title="bbox 10 1668 1191 1768; baseline 0.002 -33"><span class='ocrx_word' id='word_1_94' title='bbox 10 1759 14 1768; x_wconf 28' lang='grc' dir='ltr'>ι</span> <span class='ocrx_word' id='word_1_95' title='bbox 58 1671 185 1758; x_wconf 85' lang='grc' dir='ltr'><strong>λάπτης,</strong></span> <span class='ocrx_word' id='word_1_96' title='bbox 213 1671 233 1760; x_wconf 80' lang='grc' dir='ltr'>ἡ</span> <span class='ocrx_word' id='word_1_97' title='bbox 257 1671 401 1761; x_wconf 76' lang='grc' dir='ltr'><strong>χελιδών,</strong></span> <span class='ocrx_word' id='word_1_98' title='bbox 426 1671 442 1738; x_wconf 86' lang='grc' dir='ltr'><strong>δ</strong></span> <span class='ocrx_word' id='word_1_99' title='bbox 464 1670 541 1762; x_wconf 86' lang='grc' dir='ltr'><strong>γόψ,</strong></span> <span class='ocrx_word' id='word_1_100' title='bbox 565 1671 581 1738; x_wconf 86' lang='grc' dir='ltr'><strong>δ</strong></span> <span class='ocrx_word' id='word_1_101' title='bbox 604 1669 705 1761; x_wconf 89' lang='grc' dir='ltr'><strong>κόραξ,</strong></span> <span class='ocrx_word' id='word_1_102' title='bbox 731 1670 747 1737; x_wconf 84' lang='grc' dir='ltr'><strong>δ</strong></span> <span class='ocrx_word' id='word_1_103' title='bbox 770 1677 912 1759; x_wconf 80' lang='grc' dir='ltr'><strong>γλαῦκος,</strong></span> <span class='ocrx_word' id='word_1_104' title='bbox 937 1669 953 1736; x_wconf 83' lang='grc' dir='ltr'><strong>δ</strong></span> <span class='ocrx_word' id='word_1_105' title='bbox 978 1668 1191 1758; x_wconf 89' lang='grc' dir='ltr'><strong>ίπποπόταμος,</strong></span> 
     </span>
     <span class='ocr_line' id='line_1_14' title="bbox 59 1772 559 1867; baseline 0.006 -29"><span class='ocrx_word' id='word_1_106' title='bbox 59 1772 246 1862; x_wconf 78' lang='grc' dir='ltr'><strong>όκαρκῖνυς,</strong></span> <span class='ocrx_word' id='word_1_107' title='bbox 272 1774 289 1843; x_wconf 86' lang='grc' dir='ltr'><strong>δ</strong></span> <span class='ocrx_word' id='word_1_108' title='bbox 312 1777 423 1863; x_wconf 80' lang='grc' dir='ltr'><strong>πέρδιξ,</strong></span> <span class='ocrx_word' id='word_1_109' title='bbox 448 1774 465 1843; x_wconf 88' lang='grc' dir='ltr'><strong>δ</strong></span> <span class='ocrx_word' id='word_1_110' title='bbox 487 1778 559 1867; x_wconf 81' lang='grc' dir='ltr'><strong>ἶβις.</strong></span> 
     </span>
    </p>

    <p class='ocr_par' dir='ltr' id='par_1_6' title="bbox 59 1884 1237 2081">
     <span class='ocr_line' id='line_1_15' title="bbox 116 1884 1237 1978; baseline -0.003 -25"><span class='ocrx_word' id='word_1_111' title='bbox 116 1914 185 1976; x_wconf 85' lang='grc' dir='ltr'><strong>κεφ.</strong></span> <span class='ocrx_word' id='word_1_112' title='bbox 215 1885 276 1954; x_wconf 79' lang='grc' dir='ltr'><strong>ια’.</strong></span> <span class='ocrx_word' id='word_1_113' title='bbox 322 1889 391 1978; x_wconf 81' lang='grc' dir='ltr'><strong>περὶ</strong></span> <span class='ocrx_word' id='word_1_114' title='bbox 419 1887 560 1976; x_wconf 72' lang='grc' dir='ltr'><strong>πιθήκου.</strong></span> <span class='ocrx_word' id='word_1_115' title='bbox 608 1884 654 1954; x_wconf 81' lang='grc' dir='ltr'><strong>ότι</strong></span> <span class='ocrx_word' id='word_1_116' title='bbox 677 1887 692 1954; x_wconf 86' lang='grc' dir='ltr'><strong>δ</strong></span> <span class='ocrx_word' id='word_1_117' title='bbox 715 1889 842 1974; x_wconf 88' lang='grc' dir='ltr'><strong>πίθηκος</strong></span> <span class='ocrx_word' id='word_1_118' title='bbox 869 1889 973 1975; x_wconf 82' lang='grc' dir='ltr'><strong>θηρίον</strong></span> <span class='ocrx_word' id='word_1_119' title='bbox 997 1885 1073 1953; x_wconf 84' lang='grc' dir='ltr'><strong>ἐστίν</strong></span> <span class='ocrx_word' id='word_1_120' title='bbox 1098 1885 1192 1953; x_wconf 85' lang='grc' dir='ltr'><strong>ἀσελ-</strong></span> <span class='ocrx_word' id='word_1_121' title='bbox 1210 1910 1237 1950; x_wconf 89' lang='grc' dir='ltr'><strong>ιι</strong></span> 
     </span>
     <span class='ocr_line' id='line_1_16' title="bbox 59 1987 893 2081; baseline 0.001 -27"><span class='ocrx_word' id='word_1_122' title='bbox 59 1993 194 2072; x_wconf 79' lang='grc' dir='ltr'><strong>γέπατον</strong></span> <span class='ocrx_word' id='word_1_123' title='bbox 219 1991 271 2058; x_wconf 87' lang='grc' dir='ltr'><strong>καί</strong></span> <span class='ocrx_word' id='word_1_124' title='bbox 293 1998 461 2081; x_wconf 73' lang='grc' dir='ltr'><strong>πανοῦργον</strong></span> <span class='ocrx_word' id='word_1_125' title='bbox 484 1989 534 2058; x_wconf 82' lang='grc' dir='ltr'><strong>καί</strong></span> <span class='ocrx_word' id='word_1_126' title='bbox 559 1993 636 2058; x_wconf 83' lang='grc' dir='ltr'><strong>ἰδίαν</strong></span> <span class='ocrx_word' id='word_1_127' title='bbox 660 1993 727 2081; x_wconf 85' lang='grc' dir='ltr'><strong>ἔχει</strong></span> <span class='ocrx_word' id='word_1_128' title='bbox 748 1987 893 2079; x_wconf 75' lang='grc' dir='ltr'><strong>γαμετήν.</strong></span> 
     </span>
    </p>

    <p class='ocr_par' dir='ltr' id='par_1_7' title="bbox 62 2099 1245 2505">
     <span class='ocr_line' id='line_1_17' title="bbox 117 2099 1245 2193; baseline -0.005 -23"><span class='ocrx_word' id='word_1_129' title='bbox 117 2099 164 2170; x_wconf 82' lang='grc' dir='ltr'><strong>δτι</strong></span> <span class='ocrx_word' id='word_1_130' title='bbox 193 2111 329 2171; x_wconf 79' lang='grc' dir='ltr'><strong>τοιοῦτον</strong></span> <span class='ocrx_word' id='word_1_131' title='bbox 357 2099 413 2193; x_wconf 73' lang='grc' dir='ltr'><strong>ἦγέ</strong></span> <span class='ocrx_word' id='word_1_132' title='bbox 439 2131 511 2171; x_wconf 91' lang='grc' dir='ltr'><strong>ποτε</strong></span> <span class='ocrx_word' id='word_1_133' title='bbox 532 2105 662 2193; x_wconf 85' lang='grc' dir='ltr'><strong>ἔμπορος</strong></span> <span class='ocrx_word' id='word_1_134' title='bbox 684 2109 715 2170; x_wconf 82' lang='grc' dir='ltr'><strong>ἐν</strong></span> <span class='ocrx_word' id='word_1_135' title='bbox 739 2105 807 2190; x_wconf 85' lang='grc' dir='ltr'><strong>νηί,</strong></span> <span class='ocrx_word' id='word_1_136' title='bbox 839 2101 888 2169; x_wconf 84' lang='grc' dir='ltr'><strong>καί</strong></span> <span class='ocrx_word' id='word_1_137' title='bbox 910 2100 1013 2190; x_wconf 77' lang='grc' dir='ltr'><strong>ἐπειδὴ</strong></span> <span class='ocrx_word' id='word_1_138' title='bbox 1038 2105 1190 2190; x_wconf 81' lang='grc' dir='ltr'><strong>σφαλέντα</strong></span> <span class='ocrx_word' id='word_1_139' title='bbox 1216 2115 1245 2165; x_wconf 81' lang='grc'><strong>15</strong></span> 
     </span>
     <span class='ocr_line' id='line_1_18' title="bbox 62 2203 1191 2298; baseline 0.001 -28"><span class='ocrx_word' id='word_1_140' title='bbox 62 2205 142 2274; x_wconf 71' lang='grc' dir='ltr'><strong>αὐτὸν</strong></span> <span class='ocrx_word' id='word_1_141' title='bbox 172 2209 282 2296; x_wconf 78' lang='grc' dir='ltr'><strong>ἔτυψε,</strong></span> <span class='ocrx_word' id='word_1_142' title='bbox 317 2208 349 2275; x_wconf 88' lang='grc' dir='ltr'><strong>τὸ</strong></span> <span class='ocrx_word' id='word_1_143' title='bbox 378 2211 501 2297; x_wconf 90' lang='grc' dir='ltr'><strong>χρυσίον</strong></span> <span class='ocrx_word' id='word_1_144' title='bbox 532 2203 605 2298; x_wconf 84' lang='grc' dir='ltr'><strong>δπερ</strong></span> <span class='ocrx_word' id='word_1_145' title='bbox 629 2210 711 2298; x_wconf 84' lang='grc' dir='ltr'><strong>εἶχεν</strong></span> <span class='ocrx_word' id='word_1_146' title='bbox 734 2211 846 2282; x_wconf 82' lang='grc' dir='ltr'><strong>ἐκεῖνος</strong></span> <span class='ocrx_word' id='word_1_147' title='bbox 869 2211 982 2296; x_wconf 80' lang='grc' dir='ltr'><strong>κλέψας</strong></span> <span class='ocrx_word' id='word_1_148' title='bbox 1005 2203 1191 2294; x_wconf 73' lang='grc' dir='ltr'><strong>ἀνεπήδησεν</strong></span> 
     </span>
     <span class='ocr_line' id='line_1_19' title="bbox 63 2305 1192 2400; baseline 0.001 -27"><span class='ocrx_word' id='word_1_149' title='bbox 63 2313 98 2384; x_wconf 85' lang='grc' dir='ltr'><strong>είς</strong></span> <span class='ocrx_word' id='word_1_150' title='bbox 119 2311 151 2377; x_wconf 89' lang='grc' dir='ltr'><strong>τδ</strong></span> <span class='ocrx_word' id='word_1_151' title='bbox 175 2305 270 2400; x_wconf 80' lang='grc' dir='ltr'><strong>ἀκρον</strong></span> <span class='ocrx_word' id='word_1_152' title='bbox 292 2321 345 2379; x_wconf 90' lang='grc' dir='ltr'><strong>τοδ</strong></span> <span class='ocrx_word' id='word_1_153' title='bbox 369 2315 450 2379; x_wconf 88' lang='grc' dir='ltr'><strong>ίστοδ</strong></span> <span class='ocrx_word' id='word_1_154' title='bbox 472 2309 612 2379; x_wconf 84' lang='grc' dir='ltr'><strong>κάκεῖθεν</strong></span> <span class='ocrx_word' id='word_1_155' title='bbox 635 2311 792 2386; x_wconf 85' lang='grc' dir='ltr'><strong>ἀκοντίσας</strong></span> <span class='ocrx_word' id='word_1_156' title='bbox 809 2309 881 2378; x_wconf 82' lang='grc' dir='ltr'><strong>αδτδ</strong></span> <span class='ocrx_word' id='word_1_157' title='bbox 905 2314 947 2385; x_wconf 82' lang='grc' dir='ltr'><strong>εἰς</strong></span> <span class='ocrx_word' id='word_1_158' title='bbox 962 2309 1015 2397; x_wconf 74' lang='grc' dir='ltr'><strong>τὴν</strong></span> <span class='ocrx_word' id='word_1_159' title='bbox 1035 2307 1192 2375; x_wconf 81' lang='grc' dir='ltr'><strong>θάλασσαν</strong></span> 
     </span>
     <span class='ocr_line' id='line_1_20' title="bbox 63 2413 579 2505; baseline 0.012 -31"><span class='ocrx_word' id='word_1_160' title='bbox 63 2413 106 2476; x_wconf 84' lang='grc' dir='ltr'><strong>καί</strong></span> <span class='ocrx_word' id='word_1_161' title='bbox 127 2414 237 2482; x_wconf 79' lang='grc' dir='ltr'><strong>ἑαυτὸν</strong></span> <span class='ocrx_word' id='word_1_162' title='bbox 262 2419 506 2505; x_wconf 80' lang='grc' dir='ltr'><strong>συγκατέρριψεν.</strong></span> <span class='ocrx_word' id='word_1_163' title='bbox 574 2441 579 2452; x_wconf 90' lang='lat'>·</span> 
     </span>
    </p>

    <p class='ocr_par' dir='ltr' id='par_1_8' title="bbox 65 2513 1247 2690">
     <span class='ocr_line' id='line_1_21' title="bbox 119 2513 1193 2608; baseline -0.002 -25"><span class='ocrx_word' id='word_1_164' title='bbox 119 2513 165 2584; x_wconf 82' lang='grc' dir='ltr'><strong>ότι</strong></span> <span class='ocrx_word' id='word_1_165' title='bbox 195 2519 317 2608; x_wconf 81' lang='grc' dir='ltr'><strong>φεύγων</strong></span> <span class='ocrx_word' id='word_1_166' title='bbox 350 2519 407 2586; x_wconf 84' lang='grc' dir='ltr'><strong>ἀπὸ</strong></span> <span class='ocrx_word' id='word_1_167' title='bbox 439 2521 561 2608; x_wconf 89' lang='grc' dir='ltr'><strong>δένδρου</strong></span> <span class='ocrx_word' id='word_1_168' title='bbox 591 2523 633 2594; x_wconf 83' lang='grc' dir='ltr'><strong>εἰς</strong></span> <span class='ocrx_word' id='word_1_169' title='bbox 656 2523 776 2608; x_wconf 88' lang='grc' dir='ltr'><strong>δένδρον</strong></span> <span class='ocrx_word' id='word_1_170' title='bbox 801 2521 957 2606; x_wconf 78' lang='grc' dir='ltr'><strong>μεταπηδδγ</strong></span> <span class='ocrx_word' id='word_1_171' title='bbox 979 2513 1193 2606; x_wconf 79' lang='grc' dir='ltr'><strong>ἐπιφερόμενος</strong></span> 
     </span>
     <span class='ocr_line' id='line_1_22' title="bbox 65 2619 1247 2690; baseline 0.005 -9"><span class='ocrx_word' id='word_1_172' title='bbox 65 2619 106 2683; x_wconf 83' lang='grc' dir='ltr'><strong>καὶ</strong></span> <span class='ocrx_word' id='word_1_173' title='bbox 125 2620 164 2687; x_wconf 81' lang='grc' dir='ltr'><strong>τὰ</strong></span> <span class='ocrx_word' id='word_1_174' title='bbox 184 2625 289 2690; x_wconf 86' lang='grc' dir='ltr'><strong>τέκνα.</strong></span> <span class='ocrx_word' id='word_1_175' title='bbox 1214 2631 1247 2680; x_wconf 80' lang='lat'><strong>&#39;20</strong></span> 
     </span>
    </p>

    <p class='ocr_par' dir='ltr' id='par_1_9' title="bbox 68 2720 1192 3022">
     <span class='ocr_line' id='line_1_23' title="bbox 121 2720 1192 2815; baseline -0.003 -25"><span class='ocrx_word' id='word_1_176' title='bbox 121 2720 165 2792; x_wconf 81' lang='grc' dir='ltr'><strong>δτι</strong></span> <span class='ocrx_word' id='word_1_177' title='bbox 196 2725 328 2812; x_wconf 88' lang='grc' dir='ltr'><strong>μιμηλδς</strong></span> <span class='ocrx_word' id='word_1_178' title='bbox 359 2723 400 2793; x_wconf 82' lang='grc' dir='ltr'><strong>ὢν</strong></span> <span class='ocrx_word' id='word_1_179' title='bbox 424 2724 584 2814; x_wconf 86' lang='grc' dir='ltr'><strong>α’γρεόεται</strong></span> <span class='ocrx_word' id='word_1_180' title='bbox 606 2724 704 2815; x_wconf 83' lang='grc' dir='ltr'><strong>δόλῳ,</strong></span> <span class='ocrx_word' id='word_1_181' title='bbox 739 2723 919 2814; x_wconf 74' lang='grc' dir='ltr'><strong>μιμούμενος</strong></span> <span class='ocrx_word' id='word_1_182' title='bbox 940 2725 989 2792; x_wconf 84' lang='grc' dir='ltr'><strong>τὸν</strong></span> <span class='ocrx_word' id='word_1_183' title='bbox 1013 2721 1192 2813; x_wconf 85' lang='grc' dir='ltr'><strong>βουλόμενον</strong></span> 
     </span>
     <span class='ocr_line' id='line_1_24' title="bbox 68 2823 1192 2918; baseline 0.002 -29"><span class='ocrx_word' id='word_1_184' title='bbox 68 2823 147 2892; x_wconf 77' lang='grc' dir='ltr'><strong>αὐτὸν</strong></span> <span class='ocrx_word' id='word_1_185' title='bbox 175 2827 324 2917; x_wconf 86' lang='grc' dir='ltr'><strong>ἀγρεδσαι</strong></span> <span class='ocrx_word' id='word_1_186' title='bbox 347 2830 397 2896; x_wconf 87' lang='grc' dir='ltr'><strong>καί</strong></span> <span class='ocrx_word' id='word_1_187' title='bbox 418 2831 509 2918; x_wconf 86' lang='grc' dir='ltr'><strong>πίσση</strong></span> <span class='ocrx_word' id='word_1_188' title='bbox 533 2827 693 2917; x_wconf 81' lang='grc' dir='ltr'><strong>λουόμενος</strong></span> <span class='ocrx_word' id='word_1_189' title='bbox 716 2833 858 2918; x_wconf 81' lang='grc' dir='ltr'><strong>θηρᾶται.</strong></span> <span class='ocrx_word' id='word_1_190' title='bbox 906 2826 1064 2917; x_wconf 85' lang='grc' dir='ltr'><strong>ἀγρεόεται</strong></span> <span class='ocrx_word' id='word_1_191' title='bbox 1087 2827 1119 2892; x_wconf 86' lang='grc' dir='ltr'><strong>δὲ</strong></span> <span class='ocrx_word' id='word_1_192' title='bbox 1142 2827 1192 2892; x_wconf 88' lang='grc' dir='ltr'><strong>καί</strong></span> 
     </span>
     <span class='ocr_line' id='line_1_25' title="bbox 69 2923 1067 3022; baseline 0.005 -31"><span class='ocrx_word' id='word_1_193' title='bbox 69 2923 149 2996; x_wconf 79' lang='grc' dir='ltr'><strong>ἀλλον</strong></span> <span class='ocrx_word' id='word_1_194' title='bbox 172 2929 296 3020; x_wconf 89' lang='grc' dir='ltr'><strong>τρόπον,</strong></span> <span class='ocrx_word' id='word_1_195' title='bbox 320 2934 415 3021; x_wconf 85' lang='grc' dir='ltr'><strong>χρίων</strong></span> <span class='ocrx_word' id='word_1_196' title='bbox 437 2931 505 3007; x_wconf 83' lang='grc' dir='ltr'><strong>τοδς</strong></span> <span class='ocrx_word' id='word_1_197' title='bbox 526 2932 704 3020; x_wconf 82' lang='grc' dir='ltr'><strong>δφθαλμοδς</strong></span> <span class='ocrx_word' id='word_1_198' title='bbox 727 2931 879 3022; x_wconf 83' lang='grc' dir='ltr'><strong>φαρμάκῳ</strong></span> <span class='ocrx_word' id='word_1_199' title='bbox 901 2930 1067 3020; x_wconf 81' lang='grc' dir='ltr'><strong>βλάπτοντι.</strong></span> 
     </span>
    </p>
   </div>
   <div class='ocr_carea' id='block_1_3' title="bbox 69 3039 1246 3445">
    <p class='ocr_par' dir='ltr' id='par_1_10' title="bbox 69 3039 1246 3235">
     <span class='ocr_line' id='line_1_26' title="bbox 124 3039 1192 3135; baseline -0.001 -27"><span class='ocrx_word' id='word_1_200' title='bbox 124 3040 168 3110; x_wconf 80' lang='grc' dir='ltr'><strong>δτι</strong></span> <span class='ocrx_word' id='word_1_201' title='bbox 189 3039 275 3112; x_wconf 80' lang='grc' dir='ltr'><strong>οὗτοι</strong></span> <span class='ocrx_word' id='word_1_202' title='bbox 295 3044 377 3132; x_wconf 81' lang='grc' dir='ltr'><strong>παρὰ</strong></span> <span class='ocrx_word' id='word_1_203' title='bbox 399 3049 460 3119; x_wconf 89' lang='grc' dir='ltr'><strong>τοῖς</strong></span> <span class='ocrx_word' id='word_1_204' title='bbox 478 3043 584 3119; x_wconf 86' lang='grc' dir='ltr'><strong>Ἰνδοῖς</strong></span> <span class='ocrx_word' id='word_1_205' title='bbox 606 3053 736 3135; x_wconf 81' lang='grc' dir='ltr'><strong>τρυγῶσι</strong></span> <span class='ocrx_word' id='word_1_206' title='bbox 757 3046 794 3112; x_wconf 92' lang='grc' dir='ltr'><strong>τά</strong></span> <span class='ocrx_word' id='word_1_207' title='bbox 816 3047 962 3134; x_wconf 89' lang='grc' dir='ltr'><strong>πεπέρια,</strong></span> <span class='ocrx_word' id='word_1_208' title='bbox 992 3047 1084 3132; x_wconf 84' lang='grc' dir='ltr'><strong>τέχνη</strong></span> <span class='ocrx_word' id='word_1_209' title='bbox 1109 3041 1192 3108; x_wconf 88' lang='grc' dir='ltr'><strong>ἀπα-</strong></span> 
     </span>
     <span class='ocr_line' id='line_1_27' title="bbox 69 3143 1246 3235; baseline -0.003 -21"><span class='ocrx_word' id='word_1_210' title='bbox 69 3143 183 3232; x_wconf 72' lang='grc' dir='ltr'><strong>τώμενοι</strong></span> <span class='ocrx_word' id='word_1_211' title='bbox 206 3148 260 3214; x_wconf 85' lang='grc' dir='ltr'><strong>καὶ</strong></span> <span class='ocrx_word' id='word_1_212' title='bbox 284 3147 417 3235; x_wconf 75' lang='grc' dir='ltr'><strong>μιμήσει.</strong></span> <span class='ocrx_word' id='word_1_213' title='bbox 1214 3160 1246 3210; x_wconf 74' lang='lat'><strong>25</strong></span> 
     </span>
    </p>

    <p class='ocr_par' dir='ltr' id='par_1_11' title="bbox 73 3247 1193 3445">
     <span class='ocr_line' id='line_1_28' title="bbox 124 3247 1193 3342; baseline 0.001 -26"><span class='ocrx_word' id='word_1_214' title='bbox 124 3247 167 3318; x_wconf 82' lang='grc' dir='ltr'><strong>ότι</strong></span> <span class='ocrx_word' id='word_1_215' title='bbox 195 3255 276 3320; x_wconf 84' lang='grc' dir='ltr'><strong>λέων</strong></span> <span class='ocrx_word' id='word_1_216' title='bbox 306 3259 398 3318; x_wconf 85' lang='grc' dir='ltr'><strong>νοσῶν</strong></span> <span class='ocrx_word' id='word_1_217' title='bbox 423 3249 503 3342; x_wconf 82' lang='grc' dir='ltr'><strong>δόλῳ</strong></span> <span class='ocrx_word' id='word_1_218' title='bbox 526 3251 615 3319; x_wconf 83' lang='grc' dir='ltr'><strong>αδτδν</strong></span> <span class='ocrx_word' id='word_1_219' title='bbox 638 3251 759 3342; x_wconf 85' lang='grc' dir='ltr'><strong>ἀγρεόει</strong></span> <span class='ocrx_word' id='word_1_220' title='bbox 780 3253 832 3320; x_wconf 85' lang='grc' dir='ltr'><strong>καλ</strong></span> <span class='ocrx_word' id='word_1_221' title='bbox 854 3253 1022 3320; x_wconf 86' lang='grc' dir='ltr'><strong>κατεσθίει·</strong></span> <span class='ocrx_word' id='word_1_222' title='bbox 1054 3248 1193 3339; x_wconf 83' lang='grc' dir='ltr'><strong>συμβάλ-</strong></span> 
     </span>
     <span class='ocr_line' id='line_1_29' title="bbox 73 3353 912 3445; baseline 0.01 -29"><span class='ocrx_word' id='word_1_223' title='bbox 73 3355 144 3420; x_wconf 87' lang='grc' dir='ltr'><strong>λεται</strong></span> <span class='ocrx_word' id='word_1_224' title='bbox 164 3355 221 3443; x_wconf 85' lang='grc' dir='ltr'><strong>γάρ</strong></span> <span class='ocrx_word' id='word_1_225' title='bbox 247 3353 329 3445; x_wconf 75' lang='grc' dir='ltr'><strong>αὐτῷ</strong></span> <span class='ocrx_word' id='word_1_226' title='bbox 352 3359 393 3431; x_wconf 83' lang='grc' dir='ltr'><strong>είς</strong></span> <span class='ocrx_word' id='word_1_227' title='bbox 416 3353 518 3442; x_wconf 85' lang='grc' dir='ltr'><strong>δγείαν</strong></span> <span class='ocrx_word' id='word_1_228' title='bbox 541 3363 594 3422; x_wconf 81' lang='grc' dir='ltr'><strong>τοῦ</strong></span> <span class='ocrx_word' id='word_1_229' title='bbox 615 3355 747 3444; x_wconf 70' lang='grc' dir='ltr'><strong>πιθήκου</strong></span> <span class='ocrx_word' id='word_1_230' title='bbox 768 3356 806 3424; x_wconf 80' lang='grc' dir='ltr'><strong>τὰ</strong></span> <span class='ocrx_word' id='word_1_231' title='bbox 828 3359 912 3445; x_wconf 91' lang='grc' dir='ltr'><strong>κρέα.</strong></span> 
     </span>
    </p>
   </div>
   <div class='ocr_carea' id='block_1_4' title="bbox 74 3463 1247 3866">
    <p class='ocr_par' dir='ltr' id='par_1_12' title="bbox 74 3463 1247 3866">
     <span class='ocr_line' id='line_1_30' title="bbox 127 3463 1192 3558; baseline 0.001 -26"><span class='ocrx_word' id='word_1_232' title='bbox 127 3463 168 3534; x_wconf 82' lang='grc' dir='ltr'><strong>ότι</strong></span> <span class='ocrx_word' id='word_1_233' title='bbox 189 3469 253 3534; x_wconf 83' lang='grc' dir='ltr'><strong>ἐστί</strong></span> <span class='ocrx_word' id='word_1_234' title='bbox 275 3471 366 3556; x_wconf 78' lang='grc' dir='ltr'><strong>κηβος</strong></span> <span class='ocrx_word' id='word_1_235' title='bbox 388 3469 515 3556; x_wconf 87' lang='grc' dir='ltr'><strong>πίθηκος</strong></span> <span class='ocrx_word' id='word_1_236' title='bbox 536 3469 618 3557; x_wconf 84' lang='grc' dir='ltr'><strong>ἔχων</strong></span> <span class='ocrx_word' id='word_1_237' title='bbox 641 3465 732 3556; x_wconf 78' lang='grc' dir='ltr'><strong>οὐρὰν</strong></span> <span class='ocrx_word' id='word_1_238' title='bbox 755 3473 892 3550; x_wconf 86' lang='grc' dir='ltr'><strong>λέοντος,</strong></span> <span class='ocrx_word' id='word_1_239' title='bbox 921 3467 1017 3558; x_wconf 83' lang='grc' dir='ltr'><strong>πάντη</strong></span> <span class='ocrx_word' id='word_1_240' title='bbox 1041 3469 1074 3535; x_wconf 76' lang='grc' dir='ltr'><strong>δὲ</strong></span> <span class='ocrx_word' id='word_1_241' title='bbox 1097 3465 1192 3534; x_wconf 88' lang='grc' dir='ltr'><strong>ἀσελ-</strong></span> 
     </span>
     <span class='ocr_line' id='line_1_31' title="bbox 74 3565 785 3661; baseline 0.006 -27"><span class='ocrx_word' id='word_1_242' title='bbox 74 3565 119 3652; x_wconf 69' lang='grc' dir='ltr'><strong>γής</strong></span> <span class='ocrx_word' id='word_1_243' title='bbox 139 3565 177 3636; x_wconf 78' lang='grc' dir='ltr'><strong>ὢν</strong></span> <span class='ocrx_word' id='word_1_244' title='bbox 201 3575 334 3659; x_wconf 79' lang='grc' dir='ltr'><strong>ἐπιπηδᾷ</strong></span> <span class='ocrx_word' id='word_1_245' title='bbox 355 3571 442 3639; x_wconf 88' lang='grc' dir='ltr'><strong>παντί</strong></span> <span class='ocrx_word' id='word_1_246' title='bbox 465 3569 535 3661; x_wconf 73' lang='grc' dir='ltr'><strong>ζῴῳ</strong></span> <span class='ocrx_word' id='word_1_247' title='bbox 559 3573 663 3658; x_wconf 90' lang='grc' dir='ltr'><strong>μίξεως</strong></span> <span class='ocrx_word' id='word_1_248' title='bbox 684 3575 785 3640; x_wconf 81' lang='grc' dir='ltr'><strong>ἕνεκα.</strong></span> 
     </span>
     <span class='ocr_line' id='line_1_32' title="bbox 80 3679 1247 3804; baseline -0.004 -54"><span class='ocrx_word' id='word_1_249' title='bbox 80 3775 85 3796; x_wconf 39' lang='grc'>1</span> <span class='ocrx_word' id='word_1_250' title='bbox 126 3709 192 3804; x_wconf 64' lang='grc' dir='ltr'><strong>κεφ.</strong></span> <span class='ocrx_word' id='word_1_251' title='bbox 219 3683 276 3772; x_wconf 81' lang='grc' dir='ltr'><strong>νβ’.</strong></span> <span class='ocrx_word' id='word_1_252' title='bbox 324 3685 390 3772; x_wconf 83' lang='grc' dir='ltr'><strong>περί</strong></span> <span class='ocrx_word' id='word_1_253' title='bbox 414 3682 547 3774; x_wconf 90' lang='grc' dir='ltr'><strong>σφιγγός.</strong></span> <span class='ocrx_word' id='word_1_254' title='bbox 595 3682 640 3752; x_wconf 87' lang='grc' dir='ltr'><strong>ότι</strong></span> <span class='ocrx_word' id='word_1_255' title='bbox 663 3689 695 3752; x_wconf 89' lang='grc' dir='ltr'><strong>αἱ</strong></span> <span class='ocrx_word' id='word_1_256' title='bbox 717 3687 838 3774; x_wconf 87' lang='grc' dir='ltr'><strong>σφίγγες</strong></span> <span class='ocrx_word' id='word_1_257' title='bbox 859 3686 979 3774; x_wconf 87' lang='grc' dir='ltr'><strong>ταχεῖαί</strong></span> <span class='ocrx_word' id='word_1_258' title='bbox 1001 3687 1075 3751; x_wconf 83' lang='grc' dir='ltr'><strong>εἰσιν</strong></span> <span class='ocrx_word' id='word_1_259' title='bbox 1091 3679 1132 3757; x_wconf 83' lang='grc' dir='ltr'><strong>ὡς</strong></span> <span class='ocrx_word' id='word_1_260' title='bbox 1147 3683 1195 3748; x_wconf 86' lang='grc' dir='ltr'><strong>ἐπί</strong></span> <span class='ocrx_word' id='word_1_261' title='bbox 1208 3705 1247 3746; x_wconf 89' lang='grc' dir='ltr'><strong>ιιι</strong></span> 
     </span>
     <span class='ocr_line' id='line_1_33' title="bbox 76 3805 184 3866; baseline 0.056 -20"><span class='ocrx_word' id='word_1_262' title='bbox 76 3805 184 3866; x_wconf 84' lang='grc' dir='ltr'><strong>υρνεων.</strong></span> 
     </span>
    </p>
   </div>
   <div class='ocr_carea' id='block_1_5' title="bbox 81 4046 1249 4620">
    <p class='ocr_par' dir='ltr' id='par_1_13' title="bbox 81 4046 1249 4620">
     <span class='ocr_line' id='line_1_34' title="bbox 152 4046 1248 4120; baseline -0.004 -18"><span class='ocrx_word' id='word_1_263' title='bbox 152 4050 249 4102; x_wconf 61' lang='lat' dir='ltr'>Mel.</span> <span class='ocrx_word' id='word_1_264' title='bbox 270 4051 368 4102; x_wconf 70' lang='lat' dir='ltr'>Vlffl.</span> <span class='ocrx_word' id='word_1_265' title='bbox 455 4047 693 4120; x_wconf 76' lang='grc' dir='ltr'><strong>Η.όγυψοκόραξ</strong></span> <span class='ocrx_word' id='word_1_266' title='bbox 711 4054 740 4101; x_wconf 84' lang='grc' dir='ltr'><strong>λ.</strong></span> <span class='ocrx_word' id='word_1_267' title='bbox 836 4056 877 4100; x_wconf 73' lang='grc' dir='ltr'><strong>ιο.</strong></span> <span class='ocrx_word' id='word_1_268' title='bbox 896 4046 945 4118; x_wconf 73' lang='grc' dir='ltr'><strong>ἦγέ</strong></span> <span class='ocrx_word' id='word_1_269' title='bbox 962 4063 1024 4100; x_wconf 84' lang='grc' dir='ltr'><strong>ποτε</strong></span> <span class='ocrx_word' id='word_1_270' title='bbox 1044 4063 1095 4100; x_wconf 88' lang='lat' dir='ltr'><strong>non</strong></span> <span class='ocrx_word' id='word_1_271' title='bbox 1115 4053 1189 4100; x_wconf 78' lang='lat' dir='ltr'>certo</span> <span class='ocrx_word' id='word_1_272' title='bbox 1206 4049 1248 4099; x_wconf 87' lang='lat' dir='ltr'><strong>di-</strong></span> 
     </span>
     <span class='ocr_line' id='line_1_35' title="bbox 81 4131 1245 4218; baseline 0.004 -38"><span class='ocrx_word' id='word_1_273' title='bbox 81 4131 183 4190; x_wconf 74' lang='lat' dir='ltr'><strong>spicitur.</strong></span> <span class='ocrx_word' id='word_1_274' title='bbox 265 4143 306 4187; x_wconf 78' lang='lat'><strong>⁴7.</strong></span> <span class='ocrx_word' id='word_1_275' title='bbox 329 4135 406 4188; x_wconf 73' lang='grc' dir='ltr'><strong>ἱστίου</strong></span> <span class='ocrx_word' id='word_1_276' title='bbox 425 4140 454 4187; x_wconf 82' lang='grc' dir='ltr'><strong>λ.</strong></span> <span class='ocrx_word' id='word_1_277' title='bbox 552 4141 592 4188; x_wconf 79' lang='grc'><strong>48.</strong></span> <span class='ocrx_word' id='word_1_278' title='bbox 615 4135 809 4208; x_wconf 78' lang='grc' dir='ltr'><strong>συγκατέρριψεν</strong></span> <span class='ocrx_word' id='word_1_279' title='bbox 832 4150 865 4203; x_wconf 84' lang='lat' dir='ltr'><strong>pr</strong></span> <span class='ocrx_word' id='word_1_280' title='bbox 876 4138 917 4218; x_wconf 49' lang='grc' dir='ltr'><strong>·Α;</strong></span> <span class='ocrx_word' id='word_1_281' title='bbox 944 4133 1128 4206; x_wconf 83' lang='grc' dir='ltr'><strong>οὐκαπέρριψεν</strong></span> <span class='ocrx_word' id='word_1_282' title='bbox 1152 4148 1197 4186; x_wconf 79' lang='lat' dir='ltr'><strong>rec</strong></span> <span class='ocrx_word' id='word_1_283' title='bbox 1215 4137 1245 4185; x_wconf 88' lang='grc' dir='ltr'><strong>Α.</strong></span> 
     </span>
     <span class='ocr_line' id='line_1_36' title="bbox 137 4219 1249 4289; baseline 0.002 -19"><span class='ocrx_word' id='word_1_284' title='bbox 137 4221 173 4270; x_wconf 70' lang='lat' dir='ltr'><strong>n.</strong></span> <span class='ocrx_word' id='word_1_285' title='bbox 192 4223 246 4274; x_wconf 82' lang='grc' dir='ltr'><strong>λοΙ.</strong></span> <span class='ocrx_word' id='word_1_286' title='bbox 269 4224 368 4274; x_wconf 65' lang='lat' dir='ltr'><strong>wis.</strong></span> <span class='ocrx_word' id='word_1_287' title='bbox 466 4225 508 4274; x_wconf 68' lang='lat' dir='ltr'><strong>ss.</strong></span> <span class='ocrx_word' id='word_1_288' title='bbox 535 4223 659 4274; x_wconf 71' lang='lat' dir='ltr'><strong>philostr.</strong></span> <span class='ocrx_word' id='word_1_289' title='bbox 680 4223 766 4289; x_wconf 77' lang='lat' dir='ltr'><strong>Apoll.</strong></span> <span class='ocrx_word' id='word_1_290' title='bbox 787 4224 859 4273; x_wconf 62' lang='lat'><strong>111⁴.</strong></span> <span class='ocrx_word' id='word_1_291' title='bbox 956 4219 1073 4272; x_wconf 82' lang='grc' dir='ltr'><strong>αι’ντολλ.</strong></span> <span class='ocrx_word' id='word_1_292' title='bbox 1171 4219 1249 4272; x_wconf 83' lang='grc' dir='ltr'><strong>πιπέ-</strong></span> 
     </span>
     <span class='ocr_line' id='line_1_37' title="bbox 84 4305 1246 4378; baseline -0.003 -18"><span class='ocrx_word' id='word_1_293' title='bbox 84 4305 154 4360; x_wconf 63' lang='lat' dir='ltr'><strong>m.</strong></span> <span class='ocrx_word' id='word_1_294' title='bbox 255 4306 413 4378; x_wconf 80' lang='grc' dir='ltr'><strong>ἀπατωμένη</strong></span> <span class='ocrx_word' id='word_1_295' title='bbox 433 4311 462 4360; x_wconf 82' lang='grc' dir='ltr'><strong>λ.</strong></span> <span class='ocrx_word' id='word_1_296' title='bbox 569 4315 610 4360; x_wconf 72' lang='lat'><strong>26.</strong></span> <span class='ocrx_word' id='word_1_297' title='bbox 639 4309 762 4360; x_wconf 72' lang='lat' dir='ltr'><strong>philostr.</strong></span> <span class='ocrx_word' id='word_1_298' title='bbox 783 4308 892 4360; x_wconf 80' lang='lat' dir='ltr'>ibidem.</span> <span class='ocrx_word' id='word_1_299' title='bbox 998 4313 1041 4361; x_wconf 72' lang='lat'><strong>28.</strong></span> <span class='ocrx_word' id='word_1_300' title='bbox 1062 4309 1117 4359; x_wconf 80' lang='grc' dir='ltr'><strong>λεί.</strong></span> <span class='ocrx_word' id='word_1_301' title='bbox 1138 4308 1196 4358; x_wconf 83' lang='lat' dir='ltr'><strong>xvl</strong></span> <span class='ocrx_word' id='word_1_302' title='bbox 1217 4311 1246 4357; x_wconf 73' lang='grc' dir='ltr'><strong>λυ</strong></span> 
     </span>
     <span class='ocr_line' id='line_1_38' title="bbox 84 4383 1159 4464; baseline 0.008 -29"><span class='ocrx_word' id='word_1_303' title='bbox 84 4383 169 4442; x_wconf 69' lang='lat' dir='ltr'><strong>{adiens</strong></span> <span class='ocrx_word' id='word_1_304' title='bbox 190 4396 283 4446; x_wconf 77' lang='lat' dir='ltr'><strong>simias</strong></span> <span class='ocrx_word' id='word_1_305' title='bbox 308 4399 494 4447; x_wconf 76' lang='lat' dir='ltr'><strong>conmemorat</strong></span> <span class='ocrx_word' id='word_1_306' title='bbox 516 4395 614 4461; x_wconf 81' lang='lat' dir='ltr'><strong>quihus</strong></span> <span class='ocrx_word' id='word_1_307' title='bbox 634 4393 697 4464; x_wconf 73' lang='grc' dir='ltr'><strong>οὐρὰ</strong></span> <span class='ocrx_word' id='word_1_308' title='bbox 713 4393 780 4446; x_wconf 81' lang='grc' dir='ltr'><strong>κατὰ</strong></span> <span class='ocrx_word' id='word_1_309' title='bbox 796 4393 844 4464; x_wconf 77' lang='grc' dir='ltr'><strong>την</strong></span> <span class='ocrx_word' id='word_1_310' title='bbox 862 4391 972 4446; x_wconf 76' lang='grc' dir='ltr'><strong>λεόντων</strong></span> <span class='ocrx_word' id='word_1_311' title='bbox 990 4391 1099 4446; x_wconf 76' lang='grc' dir='ltr'><strong>ἀλκαίου</strong></span> <span class='ocrx_word' id='word_1_312' title='bbox 1117 4396 1159 4446; x_wconf 64' lang='lat' dir='ltr'><strong>sit.</strong></span> 
     </span>
     <span class='ocr_line' id='line_1_39' title="bbox 85 4467 1247 4553; baseline -0.002 -22"><span class='ocrx_word' id='word_1_313' title='bbox 85 4467 181 4541; x_wconf 52' lang='grc' dir='ltr'><strong>’ἱλήκοι</strong></span> <span class='ocrx_word' id='word_1_314' title='bbox 197 4483 225 4532; x_wconf 81' lang='grc' dir='ltr'><strong>λ.</strong></span> <span class='ocrx_word' id='word_1_315' title='bbox 319 4487 360 4532; x_wconf 74' lang='lat'><strong>³⁰.</strong></span> <span class='ocrx_word' id='word_1_316' title='bbox 381 4480 495 4553; x_wconf 82' lang='grc' dir='ltr'><strong>σφίγγες,</strong></span> <span class='ocrx_word' id='word_1_317' title='bbox 519 4495 591 4547; x_wconf 78' lang='lat' dir='ltr'><strong>quae</strong></span> <span class='ocrx_word' id='word_1_318' title='bbox 609 4483 690 4533; x_wconf 77' lang='lat' dir='ltr'><strong>etiam</strong></span> <span class='ocrx_word' id='word_1_319' title='bbox 708 4496 766 4547; x_wconf 80' lang='grc' dir='ltr'><strong>ουρ.</strong></span> <span class='ocrx_word' id='word_1_320' title='bbox 783 4485 815 4533; x_wconf 70' lang='grc' dir='ltr'><strong>ιο</strong></span> <span class='ocrx_word' id='word_1_321' title='bbox 834 4485 1087 4543; x_wconf 82' lang='grc' dir='ltr'><strong>αοππιειυοτεπῑυι,</strong></span> <span class='ocrx_word' id='word_1_322' title='bbox 1107 4483 1247 4531; x_wconf 77' lang='lat' dir='ltr'>simiarum</span> 
     </span>
     <span class='ocr_line' id='line_1_40' title="bbox 86 4567 232 4620; baseline -0.021 -5"><span class='ocrx_word' id='word_1_323' title='bbox 86 4567 232 4620; x_wconf 68' lang='lat' dir='ltr'><strong>Senonum,</strong></span> 
     </span>
    </p>
   </div>
   <div class='ocr_carea' id='block_1_6' title="bbox 0 0 1587 5132">
    <p class='ocr_par' dir='ltr' id='par_1_14' title="bbox 0 0 1587 5132">
     <span class='ocr_line' id='line_1_41' title="bbox 0 0 1587 5132; baseline 0 0"><span class='ocrx_word' id='word_1_324' title='bbox 0 0 1587 5132; x_wconf 95' lang='lat' dir='ltr'><strong> </strong></span> 
     </span>
    </p>
   </div>
  </div>
 </body>
</html>
