3182 5132
327 807 466 861 autnon
489 797 590 877 potuit
613 795 810 875 intellegere.
837 793 965 856 reduxit
982 795 1078 874 igitur
1095 796 1192 872 ruri's,
1217 795 1309 874 quasi
1325 792 1491 856 monendum

328 911 412 963 esset
434 902 568 963 rusticos
591 918 661 961 esse
685 917 827 979 campos,
861 916 923 959 non
947 895 1096 974 urbanos,
1122 915 1228 978 neque
1251 897 1378 960 commis
1398 895 1491 958 absur-

270 1002 406 1066 atodum
430 1022 499 1064 esse
522 991 609 1064 vidit'
633 1021 738 1082 neque
755 1019 825 1062 eum
845 999 973 1082 scripsit
995 1017 1171 1081 semperque
1194 1021 1214 1062 o
1236 1007 1334 1062 matre
1348 1001 1492 1080 quicquan

329 1115 491 1168 conmotus
519 1116 566 1167 est
598 1105 772 1166 rectissimo
803 1103 919 1166 iudicio
948 1121 1010 1182 quo
1040 1104 1202 1165 Bentleius
1231 1121 1349 1184 semper
1371 1099 1493 1183 putidum

329 1219 361 1270 et
384 1209 533 1289 ignavum
563 1216 657 1286 atque
687 1205 766 1268 adeo
797 1205 908 1268 lalsum
939 1225 1009 1266 esse
1032 1207 1262 1286 pronuntiavit.
1302 1223 1492 1286 semperqueo

329 1303 426 1372 molr'e
448 1318 595 1372 resectum
618 1309 780 1389 placuerat
802 1309 896 1370 etiam
920 1307 1117 1370 Schneidem
1140 1327 1251 1369 eomm.
1275 1309 1306 1368 in
1331 1306 1494 1370 Columellas

328 1433 358 1475 ιι
373 1415 413 1474 26
430 1415 461 1492 3,
487 1412 545 1475 sed
567 1412 662 1474 simul
690 1411 778 1473 aliud
807 1411 956 1492 protulit,
992 1412 1176 1492 stirpemque
1197 1431 1218 1471 α
1240 1419 1339 1472 matre
1361 1417 1492 1472 resectum.

228 1507 233 1520 ’
329 1518 436 1578 neseio
459 1514 537 1596 quid
560 1534 632 1577 eum
656 1514 880 1575 occaecaverit.
912 1531 984 1575 nam
1008 1515 1125 1575 eximia
1147 1515 1282 1576 Bentleii
1300 1511 1495 1575 emendatione

329 1627 565 1680 consummatur
587 1617 694 1697 figura,
709 1616 848 1695 dicendi,
874 1617 1071 1678 artificiosior
1089 1614 1220 1696 quidem
1244 1615 1306 1692 illa,
1333 1615 1391 1678 sed
1404 1614 1496 1676 abhoc

329 1731 421 1802 poeta
445 1721 575 1781 minime
597 1719 711 1780 aliena.
759 1737 865 1799 neque
890 1719 1037 1780 Semelen
1068 1718 1130 1780 diei
1154 1720 1252 1780 vitem
1274 1737 1404 1799 prorsus
1424 1719 1497 1780 inau-

330 1824 432 1885 ditum
456 1832 515 1884 est.
563 1841 635 1883 nam
666 1824 786 1884 erravit
820 1841 896 1884 sane
925 1822 1115 1901 nescioquo
1139 1831 1228 1901 paeto
1252 1821 1423 1884 Lobeekius
1442 1839 1497 1881 οιιιυ

330 1925 482 2006 Aglaoph.
500 1945 532 2006 p.
552 1925 612 1986 563
631 1925 748 1987 Manilii
770 1944 898 1987 versum
921 1944 1008 1987 eum*
1024 1925 1084 1985 alia
1107 1925 1200 2004 plane
1223 1923 1355 1986 Cornuti
1378 1923 1499 1986 doctrina

331 2029 524 2108 conparavit,
550 2027 607 2089 sed
630 2046 693 2088 non
717 2027 833 2090 desunt
856 2046 938 2107 quae
961 2026 1107 2106 adprime
1124 2027 1185 2088 huo
1200 2028 1392 2107 pertineant.
1425 2026 1499 2087 seho

330 2131 393 2191 lion
417 2133 449 2190 in
474 2129 600 2192 Hesiodi
624 2132 739 2211 Theog.
759 2150 787 2190 ι.
807 2132 867 2191 elo
894 2125 1033 2212 Καδμείη
1050 2123 1077 2190 δ’
1105 2119 1166 2213 άρα
1181 2128 1210 2192 oi
1227 2127 1346 2213 Σεμέλη
1361 2129 1424 2192 τέκε
1437 2125 1499 2212 poi·

331 2235 416 2316 διμον
440 2227 513 2311 υἱόν,
553 2226 694 2318 Μιχθεῖσ’
720 2233 752 2296 ἐν
775 2230 931 2318 φιλότητι,
969 2226 1119 2296 Διώνυσον
1141 2232 1337 2316 πολυγηθέα,
1359 2226 1497 2298 Ἀθάνατοι

331 2329 443 2420 θνητή·
469 2337 520 2398 νῦν
544 2331 572 2397 δ’
601 2330 767 2420 ἀμφότεροι
789 2331 854 2400 θεοί
877 2333 962 2398 εἰσίν.
1005 2331 1156 2418 Καδμείη,
1181 2329 1223 2406 ὡς
1245 2336 1498 2421 καταδαμαίομένη

330 2441 372 2524 τῷ
395 2441 534 2524 χειμῶνι.
568 2437 699 2522 Σεμέλη,
724 2433 743 2523 ἡ
767 2430 898 2522 ἄμπελος
920 2433 941 2522 ἡ
965 2438 1105 2521 σειομένη
1128 2433 1165 2500 τὰ
1188 2437 1264 2521 μέλη
1289 2433 1443 2524 (εὐκίνητον
1456 2435 1500 2522 γάρ

330 2537 363 2605 τὸ
387 2535 503 2626 φυτόν),
528 2535 548 2625 ἢ
572 2537 591 2624 ἡ
615 2540 736 2605 σείουσα
758 2536 795 2605 τά
819 2542 895 2625 μέλη
922 2543 981 2604 τῶν
1012 2535 1194 2624 μεθυόντων.
1233 2541 1302 2604 τέκε
1325 2539 1360 2606 δέ
1382 2541 1501 2628 φαίδιμον

332 2641 395 2709 υίὸν
420 2643 564 2730 μιχθεῖσα
586 2646 629 2729 τῷ
652 2642 718 2721 Διί,
748 2639 881 2730 παρόσον
911 2645 954 2730 τῷ
976 2639 1042 2729 περὶ
1071 2638 1242 2728 φυτεόσεως
1264 2643 1374 2729 ἑαυτῆς
1396 2639 1501 2728 νοήματι

332 2747 520 2834 συνελθοῦσα
549 2771 568 2830 η
598 2738 729 2830 ἄμπελος
759 2740 941 2831 άπερέννησε
970 2741 1020 2810 τὸν
1049 2743 1141 2810 οἶνον.
1189 2743 1332 2820 Διόνυσος
1355 2745 1388 2812 δὲ
1409 2744 1444 2819 ὡς
1462 2743 1501 2810 τόν

333 2848 390 2914 Δία
412 2841 479 2935 ἤτοι
500 2847 550 2915 τὸν
573 2851 641 2913 νοῦν
665 2845 792 2914 νόσσων.
831 2844 1007 2933 πολυγηθης
1037 2845 1070 2912 δὲ
1101 2844 1152 2912 διὰ
1174 2845 1227 2920 τὰς
1250 2847 1502 2936 συμβαινοόσαςέἱ

333 2949 425 3018 αὐτοῦ
446 2947 612 3040 χαρμονάς.
653 2947 804 3018 ἀθάνατον
828 2946 940 3036 θνητή,
969 2946 1101 3036 παρόσον
1124 2948 1143 3036 ἡ
1168 2943 1245 3042 άπαξ
1267 2955 1444 3038 φυτευθεῖσα
1462 2949 1502 3014 καί

332 3051 493 3141 εόρεθεῖσα
515 3050 564 3120 τὸν
586 3051 795 3142 πολόχρηστον
818 3051 968 3120 ἀποτίκτει
991 3052 1070 3119 οίνον
1100 3053 1152 3120 καί
1175 3052 1226 3120 διὰ
1248 3059 1335 3121 τοῦτο
1359 3053 1501 3122 ἀθάνατον.

332 3161 384 3223 νῦν
407 3155 441 3221 δέ
463 3153 514 3222 διοὶ
536 3153 585 3222 τὸν
609 3157 689 3222 οἶνον
711 3154 833 3242 κάκείνη
849 3153 975 3242 ποθεινη
999 3158 1073 3236 ἐστι,
1100 3153 1146 3222 διὸ
1161 3154 1212 3222 καί
1227 3153 1390 3232 ἀθάνατος.
1422 3161 1504 3223 λιθυ-

333 3281 467 3341 nagoras
491 3263 522 3324 in
547 3265 714 3343 legatione
745 3283 772 3323 e.
801 3264 851 3338 le,
881 3257 919 3326 τά
947 3259 981 3324 δὲ
1010 3262 1146 3347 στοιχεῖα
1173 3257 1224 3326 καί
1251 3258 1290 3326 τά
1313 3259 1404 3348 μόρια
1423 3257 1504 3326 olem

333 3364 542 3442 θεοποιοῦσιν,
578 3355 686 3428 ἄλλοτε
720 3356 799 3429 ἄλλα
831 3347 968 3447 ὀνόματά
993 3357 1093 3436 αι’)ποῖς
1115 3363 1283 3448 τιθέμενοι,
1321 3361 1374 3450 την
1397 3363 1443 3449 μὲν
1462 3365 1504 3428 τοῦ

333 3465 416 3530 σίτου
439 3461 549 3551 σποράν
571 3457 737 3551 Ὄσιριν..
761 3515 767 3528 .
787 3514 818 3544 .,
853 3461 903 3530 τὸν
933 3464 967 3530 δδ
992 3468 1045 3550 τῆς
1075 3461 1210 3551 ἀμπέλου
1240 3464 1355 3554 καρπὸν
1384 3463 1505 3532 Διόνυσοι

333 3565 386 3631 καί
408 3568 543 3653 Σεμέλην
567 3562 660 3653 αὐτην
682 3565 735 3653 τήν
759 3560 892 3654 ἄμπελον
915 3567 967 3633 καί
989 3567 1133 3655 κεραυνόν
1155 3566 1209 3653 τὴν
1228 3574 1280 3635 τοδ
1303 3567 1390 3656 ἡλίου
1411 3565 1501 3658 φλόγα.

335 3673 368 3733 in
391 3671 629 3754 exemplaribus
658 3673 776 3753 quibus
807 3683 877 3736 utor
899 3674 1053 3754 Stephani
1076 3683 1108 3736 el
1130 3674 1289 3736 Deohairii
1314 3676 1420 3756 inepte
1439 3674 1505 3736 seri-

335 3785 424 3855 ptum
448 3786 495 3837 est
519 3769 685 3859 Κεραυνόν,
711 3777 802 3857 quasi
826 3777 991 3857 proprium
1014 3777 1055 3838 sit
1078 3795 1211 3838 nomen:
1246 3777 1437 3858 intellegitur
1454 3775 1504 3838 tul·

336 3896 410 3940 men
434 3896 496 3958 quo
519 3878 644 3940 Semele
667 3879 726 3940 iota
751 3888 809 3940 est.
835 3880 971 3959 scriptor
992 3873 1059 3963 περί
1081 3873 1212 3942 ἀπίστων
1235 3881 1268 3940 in
1292 3877 1505 3944 Westermanni

335 3980 571 4061 llythographis
593 3998 624 4059 p.
644 3981 705 4040 325
729 3980 770 4044 de
798 3983 918 4050 Baccho
945 3975 1135 4066 Ἀλέξανδρος
1165 3979 1199 4044 δὲ
1228 3973 1460 4068 δἈρροδισιεδς
1478 3979 1503 4041 ἐι

333 4081 395 4153 τοῖς
418 4081 561 4153 Φυσικοῖς
583 4073 663 4146 οὕτω
685 4081 796 4168 φησίν·
817 4131 823 4144 .
846 4131 852 4144 .
874 4131 901 4162 .,
929 4077 985 4148 ὑπὸ
1000 4079 1092 4169 πυρὸς
1115 4081 1148 4148 δέ
1170 4085 1398 4170 κεραυνωθῆναι
1416 4080 1461 4147 καί
1478 4081 1504 4144 ἐν

336 4189 424 4271 μηρῷ
453 4184 617 4270 βληθῆναι,
655 4177 701 4251 ότι
730 4182 872 4259 πολλάκις
906 4181 922 4251 ὃ
956 4183 1035 4258 οἶνος
1068 4181 1268 4271 ἡλιαζόμενος
1295 4187 1505 4267 τελειοῦταιτῇ

334 4283 440 4372 κράσει
463 4285 513 4352 καί
537 4283 661 4372 δυνάμει
689 4289 751 4361 τοῖς
779 4288 931 4375 κεραμίοις
960 4284 1171 4376 κρυπτόμενος.
1220 4291 1370 4371 leguntur
1389 4293 1459 4354 haec
1478 4289 1504 4347 in

336 4390 508 4454 Alexandri
534 4391 740 4454 Problematis
763 4413 794 4473 p.
815 4395 833 4453 6
856 4394 1008 4472 Useneri,
1042 4394 1104 4455 nisi
1127 4392 1212 4474 quod
1235 4391 1446 4475 scriptumihi
1465 4399 1503 4452 est

335 4493 565 4577 κεραυνωθέντα
588 4505 620 4557 el
643 4494 794 4579 βληθέντα
818 4489 904 4574 διότι,
929 4505 997 4558 tum
1018 4491 1069 4558 καί
1091 4497 1127 4582 τῇ
1151 4490 1277 4582 δυνάμει
1297 4498 1357 4569 τοῖς
1371 4487 1502 4581 κεράμοις·

328 391 402 463 474
462 435 463 440 1
727 401 883 462 Eranam
907 402 1114 462 Brinnianum.

329 595 460 656 mutavit
483 594 570 653 ruris
594 593 626 652 in
647 591 732 665 rivio,
757 607 876 670 semper
891 589 991 669 quiin
1008 589 1159 650 Semeleve
1173 609 1203 664 a,
1229 589 1357 652 colomis
1372 589 1401 648 in
1412 587 1487 668 polio.

326 695 473 774 lacobus,
505 705 539 757 ut
561 713 657 773 saepe
679 693 773 770 alias,
806 691 940 754 Bentleii
973 691 1156 754 verissimas
1180 691 1319 754 rationes
1340 700 1390 753 aut
1410 691 1489 752 noluit

1576 4821 1577 4864 l
