3178 5136
324 333 397 404 580
719 345 762 404 En
786 362 880 406 nnana
904 345 1112 406 Brnottnsust.

323 534 530 616 probabilitas
551 533 678 614 augeri:
705 530 833 596 videtur
848 532 933 594 onim
948 529 1154 600 scribendam
1171 549 1241 594 esse
1267 531 1415 612 ‘quumvis
1429 550 1489 594 reas

321 636 412 716 sum,’
435 638 544 718 inquit,
573 637 613 699 ‘et
631 653 747 717 panem
769 636 843 698 itorn
866 634 1034 698 candidum
1056 629 1132 697 edo!

407 773 565 836 LXXXIV.
605 773 724 835 Seneca
747 773 806 853 Ep.
834 773 892 833 444
912 772 950 832 40
973 769 1054 834 bunc
1075 773 1267 852 assemdim
1289 769 1441 844 bibendi,
1465 772 1491 831 in

321 879 448 954 rostris,
480 878 513 937 43
541 877 625 937 omni
648 875 768 956 publico
789 881 872 938 33343
901 875 945 938 343
967 874 1151 956 adporuerit
1175 881 1211 935 ut
1229 871 1325 954 pallio
1350 873 1494 934 maturetur

320 988 422 1062 caput,
447 979 584 1042 33343343
605 979 756 1060 utrimque
777 977 917 1054 auribus,
941 995 1003 1038 333
1024 975 1116 1038 uider
1137 994 1228 1058 mrum
1251 977 1283 1036 in
1298 975 1384 1036 mimo
1398 975 1494 1037 34434434

318 1082 446 1166 fnqitioi
475 1081 580 1145 solent.
628 1079 745 1142 divites
774 1081 826 1142 isti
862 1078 987 1162 fugitivi
1016 1079 1086 1141 inre
1119 1078 1320 1141 offenderunt
1352 1077 1492 1158 lipsium,

321 1203 512 1267 quamquam
536 1181 622 1265 quod
644 1182 851 1246 scribendum
873 1201 943 1246 esse
966 1183 1102 1245 coniecit
1122 1183 1233 1245 Divitis
1256 1181 1308 1242 vel
1331 1181 1443 1258 443443,
1466 1189 1495 1241 34

321 1290 350 1352 43
369 1289 481 1352 titulus
503 1296 587 1349 33334
607 1287 706 1365 mimi,
731 1287 857 1368 placere
913 1306 936 1349 n
951 1294 1071 1366 potest:
1096 1303 1182 1346 mern
1280 1285 1364 1346 enim
1380 1283 1496 1345 videtin

321 1410 384 1453 non
407 1389 493 1472 quod
516 1390 549 1452 in
571 1388 677 1470 aliquo
693 1391 788 1450 mimo
804 1389 868 1467 fiat,
893 1405 927 1452 se
967 1387 1085 1469 quodo
1209 1405 1244 1449 m
1261 1389 1364 1449 mimis
1379 1387 1495 1466 saepius

320 1493 391 1556 fieri
413 1493 522 1555 soleat.
568 1490 655 1554 unde
679 1489 842 1572 probabile
865 1501 940 1571 puta
979 1492 1023 1552 cr'
1079 1511 1129 1553 ssa
1153 1493 1306 1553 Senecam
1337 1509 1395 1551 uon
1416 1489 1496 1551 34443

321 1613 412 1678 mant
435 1596 467 1658 in
489 1596 580 1656 mimo
603 1594 719 1656 milites
738 1592 865 1677 supitioi
885 1613 918 1656 so
982 1638 990 1654 .

406 1732 551 1794 LXXXV.
597 1729 705 1794 Aelius
735 1731 923 1811 Spartianus
952 1733 984 1793 in
1016 1731 1174 1794 Antonino
1203 1728 1280 1791 Geta
1310 1747 1377 1810 cap.
1402 1731 1419 1790 4
1443 1727 1495 1808 iuri

321 1835 500 1899 adulescens
526 1833 669 1912 decoram,
702 1832 837 1896 moribus
864 1835 1002 1915 asperis,
1034 1835 1088 1897 sed
1113 1853 1174 1896 aon
1202 1834 1331 1914 impius,
1353 1829 1495 1894 anarbore

320 1945 477 2012 tractator,
502 1937 638 2020 palmus,
664 1935 792 2018 cupidus
815 1933 950 1998 ciborum
978 1944 1006 1999 et
1027 1937 1094 1998 3434
1121 1937 1209 1998 varie
1230 1935 1350 1998 conditi.
1397 1935 1494 1996 Petne

320 2042 431 2122 impius
454 2038 555 2116 dedit,
580 2037 733 2101 lordanus
755 2039 867 2118 impiis,
893 2048 929 2101 ut
950 2041 1131 2102 nesciamus
1152 2047 1260 2102 utrum
1283 2040 1316 2101 in
1337 2036 1429 2098 libris
1448 2037 1493 2098 sit.

321 2142 406 2224 quod
429 2142 575 2223 sequitur
596 2139 737 2203 nondum
759 2160 777 2202 a
799 2158 958 2222 quoquam
980 2140 1191 2222 probabiliter
1219 2139 1421 2202 emendatum
1441 2147 1490 2200 334.

321 2245 399 2306 mibi
421 2242 626 2306 scribendum
655 2262 725 2306 esse
747 2243 876 2307 videtur
896 2243 1030 2306 moribus
1052 2245 1191 2326 asperis,
1226 2243 1281 2307 sed
1307 2263 1365 2304 333
1395 2243 1493 2323 sapia

326 2348 388 2423 (vel
421 2345 552 2428 impiis),
588 2365 695 2407 amaro
724 2364 794 2424 ore,
826 2353 984 2408 tractator.
1030 2365 1172 2410 amaram
1202 2345 1321 2410 dicitur
1345 2365 1380 2408 os
1406 2354 1439 2407 ut
1458 2342 1492 2404 ab

321 2449 434 2513 ovidio
457 2449 490 2510 in
506 2447 582 2511 Arte
598 2466 619 2510 ιι
636 2448 692 2508 titt
719 2449 835 2528 lingua,
862 2445 903 2509 ab
919 2449 1045 2510 lloratio
1061 2450 1125 2511 Sat.
1147 2449 1193 2512 17
1210 2449 1229 2510 7
1252 2468 1366 2511 sarno.
1389 2457 1494 2510 tracta-

320 2564 421 2616 torem
442 2561 519 2633 puto
542 2551 607 2615 dici
636 2553 796 2613 hominem
819 2549 1003 2632 disputandi
1026 2551 1292 2634 disceptandique
1318 2550 1491 2624 studiosum,

321 2657 447 2737 qualern
480 2653 590 2717 Getam
624 2654 722 2717 luisse
758 2673 793 2716 ea
821 2655 935 2716 docent
967 2673 1049 2736 quae
1082 2657 1187 2718 statim
1217 2666 1289 2738 post
1322 2655 1397 2716 baec
1428 2671 1493 2713 nar-

320 2771 441 2822 rantur.

406 2879 563 2941 LXXXVI.
610 2877 709 2940 lulius
731 2876 884 2940 Firmious
906 2862 1067 2940 blaternas
1097 2879 1130 2940 in
1159 2877 1355 2959 praelatione
1381 2875 1450 2938 libri
1469 2893 1494 2934 rr

320 2982 494 3044 llatbeseos
517 2980 690 3042 Patrociuia
713 2985 876 3042 tractantes
899 2987 1062 3042 tenuerunt
1082 2999 1138 3042 nos
1160 2999 1325 3046 causarum
1352 2981 1494 3060 33344343-

320 3086 414 3146 tiones
437 3090 463 3145 34
479 3084 618 3157 cuninae,
643 3089 677 3144 34
692 3082 734 3142 ita
749 3081 859 3160 dicam,
885 3084 1081 3146 canuaninis
1103 3085 1240 3167 turpiosa
1254 3086 1429 3148 3334333343.
1451 3069 1492 3141 euJ

262 3194 378 3268 tanqam
393 3185 492 3248 studio
513 3185 590 3246 nibil
612 3183 687 3246 milti
706 3182 794 3246 uliud
812 3202 871 3264 per
892 3185 1027 3266 sinpulos
1049 3185 1114 3250 dies
1136 3187 1200 3248 nisi
1221 3187 1426 3268 pert'cidomrm
1445 3203 1493 3246 ou·
1523 3257 1528 3274 .

319 3289 420 3350 mulus
443 3296 470 3350 et
490 3306 586 3371 93333
607 3305 683 3350 onus
706 3285 840 3348 invidiae
861 3287 1085 3368 conserebatur.
1131 3308 1251 3370 semper
1271 3291 1349 3352 enim
1369 3287 1492 3369 factiosis

318 3391 485 3453 bominibus
508 3397 536 3452 34
556 3407 628 3471 quos
652 3390 839 3469 impotentiae
860 3389 1027 3454 delectabat
1047 3392 1224 3473 improbitas
1246 3393 1294 3454 334
1315 3395 1370 3474 qui
1388 3407 1492 3452 333333

247 3502 251 3510 ’
318 3493 492 3576 cupiditatis
514 3494 658 3556 instinctu
680 3491 793 3554 alienis
814 3491 920 3572 opibus
943 3493 1140 3557 inhaerebant
1162 3513 1216 3557 seru
1238 3496 1290 3578 qui
1309 3495 1428 3557 miseras
1447 3491 1492 3552 43-

318 3597 448 3660 33434434
470 3615 513 3658 em
536 3595 716 3658 iudiciorum
738 3601 818 3656 metu
840 3593 990 3659 terribiles
1011 3597 1195 3660 videbuntur
1216 3605 1316 3662 erecta
1337 3595 1490 3661 constonlt'n

318 3703 461 3794 resistere
483 3697 677 3778 confidebant.
725 3700 903 3761 restituitur
924 3700 1081 3762 sententia
1103 3703 1231 3763 mutatis
1255 3699 1446 3762 43433334334
1463 3698 1488 3756 43

318 3800 479 3864 inhiabunt
500 3810 531 3862 34
553 3799 736 3881 confidebunt
759 3802 790 3862 in
814 3799 995 3882 conpetebat.

404 3923 473 3983 llox
502 3922 580 3984 baec
607 3921 756 4001 leguntur
783 3920 906 3982 desumi
933 3921 1033 4002 itaque
1054 3921 1107 3985 boc
1133 3923 1282 3999 studium,
1314 3943 1353 3986 33
1382 3921 1489 4004 t'tnpttt'·

260 4045 261 4048 ¹
319 4031 418 4084 torum
440 4043 476 4086 ac
505 4023 672 4086 debitorum
700 4023 852 4085 bominum
882 4024 1104 4086 convalescente
1136 4044 1284 4088 33333333
1310 4046 1369 4108 pro
1396 4024 1489 4088 daris

271 4137 274 4142 “
318 4125 497 4188 utilitatibus
520 4125 677 4188 emcubans
699 4127 845 4188 mamimis
874 4144 921 4188 me
942 4126 1063 4188 insidiis
1093 4135 1121 4190 34
1148 4130 1357 4194 munimntum
1381 4129 1488 4211 perim-

320 4227 419 4289 lorum
440 4227 666 4292 discriminibus
689 4227 887 4308 implicarem.
934 4228 1121 4293 mutandum
1143 4240 1193 4294 est
1214 4230 1380 4294 (4344434343
1401 4227 1487 4292 inde·

321 4329 460 4392 lirorum.

405 4431 439 4494 ln
470 4433 664 4513 praelatione
695 4431 768 4494 libri
792 4452 844 4496 ιιιι
873 4435 950 4498 haec
978 4435 1096 4516 scripta
1126 4435 1217 4516 subt,
1252 4437 1369 4500 inurere
1389 4438 1511 4516 daque.-
