3252 5130
353 383 428 457 632
752 398 796 458 Ex
818 415 914 458 uram
937 397 1141 458 Breouraarsr.

352 587 525 649 convenire.
571 585 739 650 admodum
764 583 965 648 incredibilia
987 583 1071 646 docti
1095 585 1239 648 homines
1261 587 1431 647 commenti
1451 595 1527 648 sunt.

353 699 513 752 ettamen
542 688 633 751 facile
662 699 785 769 poterat
814 688 956 768 intellegi
986 687 1019 748 in
1041 686 1171 768 syllabis
1194 686 1378 770 depravatis
1407 698 1438 751 et
1461 689 1531 750 male

352 792 464 854 divisis
487 792 564 853 haec
586 792 696 871 latere,
721 791 801 874 quod
822 791 935 853 scilicet
956 799 987 851 et
1008 789 1108 852 sacris
1129 791 1194 852 eris
1215 783 1243 852 el
1265 809 1403 854 orcanae
1416 791 1532 852 deorum

353 895 543 958 venerationi
562 893 692 957 eredidit
711 895 884 956 convenire.

439 998 592 1070 CLXXVI.
640 999 675 1058 ln
696 997 881 1060 Tertulliani
904 994 986 1058 libro
1008 993 1049 1057 ad
1071 995 1216 1058 nationes
1238 995 1331 1077 rcap.
1351 997 1370 1057 7
1394 995 1533 1058 scriben-

352 1099 429 1163 dum
452 1120 523 1162 esse
546 1099 675 1162 videtur
702 1102 787 1180 quis,
819 1119 887 1178 oro,
918 1116 1048 1180 sponsor
1076 1105 1131 1160 aer
1158 1098 1220 1160 illis
1247 1106 1319 1161 tunc
1348 1106 1403 1160 aul
1429 1101 1536 1162 eumd!

351 1203 435 1266 vebis
457 1203 494 1266 de
512 1203 595 1283 fide?
614 1203 704 1283 samo
725 1210 780 1266 est.
825 1219 925 1264 nanee
946 1201 1019 1263 boec
1041 1208 1101 1276 est,
1126 1202 1238 1280 Fame,
1262 1202 1379 1264 mamm
1400 1221 1460 1284 qno
1481 1221 1534 1262 oro

352 1307 441 1369 eliud
463 1307 594 1368 velocius
616 1307 736 1368 ullum?
758 1324 815 1367 eor
836 1305 952 1366 melum
975 1306 1004 1365 si
1017 1321 1093 1364 uera
1108 1321 1234 1384 semper,
1261 1305 1371 1366 sirice
1387 1305 1536 1366 mendesio

348 1410 577 1490 plurimumque
599 1427 636 1470 ιιε
658 1417 721 1470 tum
744 1407 864 1490 quidem
885 1425 953 1470 cum
975 1423 1051 1468 vero
1073 1405 1170 1487 defert
1198 1429 1219 1470 a
1245 1406 1370 1476 libidine
1392 1407 1537 1470 mendacii

351 1520 460 1589 cerret,
485 1520 520 1574 ut
537 1511 623 1592 falso
645 1513 727 1574 veris
750 1511 881 1589 ioteaeot,
907 1509 1059 1586 edideris,
1091 1509 1271 1586 ἀεινειιεει,
1296 1512 1447 1576 verietate
1468 1529 1534 1572 con-

348 1615 508 1695 fundens?
532 1615 564 1675 in
586 1615 616 1676 si
637 1615 756 1676 mutavi
778 1615 819 1676 sit
840 1613 925 1693 quod
948 1615 1085 1684 inlibro
1107 1613 1266 1695 Agebardi
1289 1613 1420 1692 legitur.

439 1717 606 1780 CLXXVII.
652 1716 864 1780 Tertullianus
892 1716 932 1778 de
963 1719 1050 1782 cultu
1073 1717 1263 1780 teminorum
1287 1734 1309 1778 u
1331 1733 1402 1796 cap.
1423 1717 1457 1776 ll
1485 1725 1533 1778 eut

352 1819 508 1884 inbecillus
531 1821 629 1901 aliqui
650 1837 693 1880 em
711 1817 866 1898 fratribus
889 1821 1034 1882 ebriatur
1056 1829 1112 1882 eet
1132 1820 1316 1900 sacrficium
1337 1819 1469 1899 effertur
1487 1827 1537 1879 eal

351 1923 402 1984 dei
421 1941 520 1985 seme
549 1923 795 1986 administratur.
840 1923 964 2003 quidvis
993 1923 1101 1986 liorem
1128 1923 1292 2006 pravitatis
1320 1931 1350 1984 ει
1368 1924 1535 1986 senceum

352 2025 484 2106 officium
505 2035 558 2099 cst,
585 2027 637 2087 cui
656 2043 732 2106 opus
754 2043 815 2086 ooo
835 2026 878 2086 sit
898 2024 1003 2088 trodo
1026 2025 1297 2102 ecetroerdieorb,
1329 2033 1357 2088 et
1384 2027 1535 2105 coopertio

352 2135 380 2189 et
401 2129 508 2190 soluto.
555 2145 618 2190 non
641 2128 716 2190 iecit
738 2147 853 2208 operae
877 2129 1015 2208 pretium
1030 2126 1192 2208 Augustus
1206 2126 1355 2190 Neander
1375 2147 1448 2190 oum
1463 2128 1535 2188 seri-

292 2219 506 2294 stsben'dum
530 2249 599 2292 esse
615 2231 749 2292 coniecit
771 2239 800 2292 ει
813 2231 920 2308 soluto,
947 2231 1001 2294 sed
1015 2232 1186 2312 composito.
1218 2229 1340 2310 siquid
1357 2230 1534 2294 mutandum

354 2344 412 2410 est,
438 2333 523 2414 quod
545 2332 629 2396 haud
652 2334 754 2396 ausim
768 2332 949 2412 adfirmare,
975 2334 1158 2415 scripserim
1182 2341 1227 2394 set
1245 2334 1532 2396 consurrectione.

439 2437 620 2498 CLXXlllll.
667 2434 843 2498 Macrobius
872 2436 1123 2498 Saturnaliorum
1153 2455 1164 2497 ι
1187 2436 1205 2496 7
1227 2437 1267 2498 29
1291 2469 1332 2480 -
1363 2444 1535 2516 acceptoque
1610 2473 1611 2508 ι

351 2548 432 2602 sorte
454 2559 522 2602 cum
544 2541 664 2602 Latr'um
683 2546 753 2618 post
774 2556 895 2600 erro-res
915 2539 1067 2619 plurimes
1089 2539 1298 2620 appulissent,
1330 2540 1362 2600 in
1386 2539 1457 2600 lacu
1480 2540 1534 2600 Gri-

352 2643 467 2705 tilieesi
486 2651 607 2705 enatam
630 2641 765 2703 insulam
786 2640 1024 2722 deprehendunt.
1072 2643 1280 2722 amplissimus
1302 2643 1382 2702 enim
1406 2659 1531 2722 caespes.
1610 2655 1611 2728 l

351 2747 416 2808 sive
438 2745 489 2808 ille
511 2747 665 2808 continens
688 2744 778 2806 limus
801 2761 855 2806 seu
875 2743 1001 2824 paludis
1020 2744 1084 2825 suit
1104 2753 1209 2808 coarto
1229 2763 1370 2826 compoqc
1400 2744 1533 2826 virprltr's

352 2856 380 2910 et
400 2847 564 2910 arboribus
594 2849 626 2908 io
656 2847 754 2908 silvae
782 2846 934 2908 licentiam
957 2855 1107 2927 scorpius,
1140 2845 1322 2910 iecturitr'bru
1343 2865 1401 2927 per
1428 2863 1533 2908 omma

349 2949 493 3033 fluctibus
521 2950 710 3033 copulemur,
749 2958 784 3010 ut
812 2952 873 3010 ium
898 2949 973 3030 fides
1002 2967 1044 3010 eo:
1071 2948 1125 3010 lec
1159 2951 1249 3012 etiem
1275 2950 1349 3012 Delo
1374 2948 1460 3030 sucta
1486 2951 1530 3024 sit,

349 3073 429 3136 quoe
451 3053 533 3115 celso
560 3051 727 3130 montibus,
753 3060 843 3114 verto
872 3054 1005 3133 cootpis,
1038 3060 1138 3140 tameo
1160 3071 1219 3132 per
1246 3054 1350 3113 merie
1378 3050 1531 3134 migrabat.

352 3159 459 3236 inepte
489 3155 607 3219 dicitur
641 3156 673 3216 in
700 3154 797 3216 silvae
825 3155 975 3217 licentiam
1011 3162 1166 3236 comptus:
1196 3172 1302 3234 neque
1339 3156 1426 3216 enim
1458 3155 1534 3234 cegi-

351 3257 482 3320 tendum
506 3268 555 3320 est
577 3257 617 3320 de
648 3258 779 3337 antiqua
806 3257 858 3318 ille
887 3256 1031 3318 comendi
1059 3257 1290 3337 significatione
1318 3277 1414 3337 quam
1444 3257 1532 3319 Lech·

352 3379 488 3424 mannus
518 3362 560 3422 in·
580 3361 803 3422 commentario
833 3362 1017 3422 Lucretieno
1044 3378 1076 3439 p.
1103 3359 1163 3420 l35
1199 3360 1382 3441 explicavit.
1435 3362 1531 3440 itaque
1610 3431 1611 3448 ἢ

351 3462 480 3526 videtur
504 3464 581 3526 mihi
604 3461 778 3526 Macrobius
807 3463 972 3542 scripsisse
1002 3463 1035 3522 ie
1057 3461 1154 3524 silvae
1183 3461 1364 3526 decentiam
1395 3471 1529 3544 comptus.

351 3586 415 3629 non
445 3567 553 3648 ignoro
582 3568 640 3628 hoc
670 3565 856 3628 vocobulum
887 3583 949 3626 non
979 3566 1117 3627 inveniri
1148 3567 1209 3627 nisi
1238 3564 1326 3646 apud
1357 3566 1530 3628 Ciceronem

352 3669 392 3732 de
416 3669 547 3732 deorum
571 3679 682 3731 netura
707 3687 727 3728 u
745 3668 816 3746 tto,
842 3669 977 3730 colorum
1000 3670 1090 3729 etiam
1112 3675 1141 3730 et
1159 3671 1335 3750 fiprtromm
1356 3677 1531 3732 venustatem
1610 3679 1611 3684 ’

352 3781 441 3854 etque
469 3772 604 3835 ordinem
635 3780 676 3848 ει,
706 3780 741 3833 ut
767 3773 810 3832 ito
840 3771 957 3850 dicore,
988 3771 1154 3832 decentiam
1183 3772 1263 3834 oculi
1289 3772 1437 3836 iudt'coot.
1482 3791 1530 3830 ex-

352 3877 464 3957 cripsit
487 3877 564 3938 haec
578 3876 696 3938 Nonius
718 3895 749 3956 p.
769 3875 829 3936 203
856 3882 985 3955 propter
1007 3874 1170 3952 rariorem,
1196 3883 1231 3936 ut
1254 3873 1394 3953 videtum
1420 3893 1529 3934 vocem.
1610 3899 1611 3930 l

353 3989 384 4040 et
407 3989 509 4059 potest
532 3997 601 4039 cem
618 3977 727 4038 Cicero
751 3978 879 4039 linxisse
901 3987 936 4038 ut
958 3975 1110 4039 adcurate
1132 3978 1329 4058 exprimeret
1351 3977 1530 4040 Graecorum

351 4075 541 4165 εὐπρέπειαν.
588 4078 646 4142 sed
669 4099 705 4142 eo
735 4080 813 4140 mibi
842 4097 905 4141 non
929 4078 1057 4141 videtur
1080 4080 1197 4142 elevari
1226 4081 1425 4142 coniecturae
1446 4097 1528 4158 quam

355 4184 473 4263 protuli
504 4181 721 4265 probabilitas.
769 4183 874 4244 vitium
905 4181 1090 4244 indecentiae
1111 4181 1195 4244 dixit
1215 4183 1381 4244 Vitruvius
1404 4200 1442 4244 ru
1463 4183 1481 4241 5
1502 4182 1526 4238 6.

351 4297 462 4368 postea
482 4305 680 4368 peromnem
703 4284 800 4348 babet
821 4284 903 4347 liber
926 4286 1096 4364 Parisinus,
1122 4284 1179 4348 sed
1202 4294 1237 4348 ut
1251 4287 1343 4365 prius
1354 4305 1413 4366 per
1426 4303 1526 4346 morter

352 4389 449 4452 luisse
473 4387 636 4464 videatur;
665 4389 697 4449 in
720 4386 948 4468 bambergensi
971 4399 1018 4450 est
1037 4407 1095 4470 per
1116 4406 1242 4466 omnen,
1267 4388 1325 4450 sed
1348 4387 1526 4469 adscriptum

350 4494 451 4554 lein.
478 4493 576 4554 miror
598 4491 697 4554 luisse
720 4492 775 4572 qui
794 4510 854 4572 per
883 4510 1000 4554 emnem
1029 4491 1092 4554 diei
1122 4493 1174 4554 bic
1202 4493 1343 4572 potuisse
1371 4491 1433 4554 sibi
1465 4509 1527 4572 per-
1602 4483 1611 4578 l
