3156 5132
496 426 666 486 Τιιιυτιιιτυε
689 423 832 485 θκιιιτυο.
1183 410 1256 482 297

70 608 117 674 καὶ
140 606 231 684 ύλλος
245 607 430 696 καλούμενος
446 611 566 696 λέγεται
587 614 675 698 πηλῷ
696 611 804 699 χρίσας
819 605 925 675 ἑαυτόν
948 606 1028 683 όπως
1045 607 1205 697 ὀλισθηρός

66 705 85 799 η
108 719 209 799 πηδᾶν
232 717 275 788 είς
296 713 330 780 τό
352 718 405 780 τοῦ
428 715 621 801 κροκοδείλου
644 711 739 800 στόμα
762 713 813 779 καί
836 708 929 787 οὕτως
952 711 984 778 τό
1007 707 1090 800 ἧπαρ
1113 739 1206 779 κατε-

67 818 162 882 σθίειν
186 817 238 883 καί
260 816 406 903 άναιρεῖν.

129 923 178 995 ότι
202 926 218 995 ό
243 926 392 1018 ἰχνεύμων
423 923 508 1003 ούτος
537 931 645 1017 χρίσας
673 927 778 994 ἑαυτὸν
800 933 890 1017 πηλῷ
911 927 962 995 καί
984 925 1112 1016 ξηράνας
1134 927 1207 1016 πρός

64 1027 150 1117 ἥλιον
177 1030 309 1121 μάχεται
331 1059 368 1120 τη
392 1031 494 1099 ἀσπίδι
517 1031 567 1097 καὶ
590 1033 697 1098 κτείνει
718 1031 771 1098 καί
786 1032 930 1107 πολλάκις
946 1029 997 1098 ὑπ’
1017 1030 1109 1118 αὐτῆς
1124 1057 1203 1120 κρα--
1223 1046 1238 1094 5

64 1134 209 1221 τούμενος
231 1137 312 1225 ἔχων
336 1133 429 1222 αῦτὴν
451 1137 727 1222 περιπεπλεγμίνην
749 1139 832 1223 πηδᾷ
855 1139 897 1210 είς
912 1132 945 1202 τῦ
967 1139 1025 1223 πῦρ
1044 1133 1094 1202 καί
1110 1161 1206 1201 συνα-

64 1235 223 1305 πόλλυται.

129 1377 200 1439 κειρ.
228 1348 288 1437 μδ’.
335 1349 403 1438 περὶ
426 1348 642 1437 ίπποποτάμου.
689 1346 735 1417 ότι
749 1349 765 1416 ό
781 1349 925 1437 ποτάμιος
947 1350 1034 1424 ἵππος
1055 1355 1115 1417 τιῦν
1135 1348 1199 1438 άμ-
1212 1373 1320 1417 mxlv

67 1456 178 1540 ριβίων
200 1454 263 1520 ἐστί
284 1455 336 1520 καί
358 1454 411 1541 την
435 1452 546 1542 βύρσαν
569 1455 635 1543 ἔχει
657 1449 786 1542 ἄτρωτον
809 1451 848 1528 ιῦς
870 1452 998 1520 ἐπὶτῶν
1020 1451 1202 1542 ἐλεφάντων.

66 1559 162 1624 ἐσθίει
186 1558 220 1624 δὲ
242 1559 451 1646 κροκοδείλους
473 1558 524 1624 καὶ
548 1552 626 1624 άλλα
649 1556 736 1645 κήτη.
1226 1569 1257 1618 10

130 1665 179 1736 ότι
201 1668 219 1736 ὀ
240 1667 385 1756 ποτάμιος
407 1669 494 1744 ἵππος
514 1671 654 1756 σημαίνει
668 1669 721 1757 την
738 1666 881 1736 άνάῦοσιν
895 1673 948 1735 τοῦ
965 1668 1093 1735 Νείλου·
1118 1673 1205 1734 πατεῖ

67 1769 122 1858 γάρ
145 1777 179 1839 ἐν
201 1801 239 1861 τη
264 1771 324 1840 ἰλύι
345 1776 403 1848 ἕως
425 1769 499 1840 όπου
523 1776 627 1859 μέλλει
648 1771 681 1839 τό
705 1769 785 1860 ύδωρ
808 1771 991 1861 ἀναβαίνειν.

130 1881 176 1952 ότι
209 1884 368 1974 ἀναβαίνει
398 1889 440 1960 είς
468 1884 505 1951 τά
536 1881 608 1971 ληια
637 1885 688 1951 καί
719 1889 818 1973 μετρεῖ
847 1884 938 1951 πόσον
969 1882 1094 1951 δύναται
1114 1881 1203 1949 τόπον

68 1992 186 2075 κεῖραι,
217 1990 268 2055 καί
299 1985 392 2063 οότως
416 1987 622 2076 ῦπαναχωριῦν
645 1986 803 2077 βόσκεται·
836 1986 954 2078 κάμψαι
975 1985 1033 2076 γάρ
1055 1986 1104 2054 τὸν
1126 1985 1204 2076 τρά-

68 2097 162 2177 χηλον
191 2090 227 2158 οῦ
256 2089 391 2158 δύναται.
438 2089 504 2158 ἔσθ’
530 2088 580 2158 ’ότε
603 2093 636 2158 δὲ
658 2094 749 2158 πίνων
772 2095 870 2178 ἐξεμεῖ
891 2088 924 2157 τό
949 2085 1028 2178 ύδωρ
1051 2088 1128 2157 κατὰ
1150 2095 1202 2156 τοῦ
1228 2105 1256 2153 15

67 2190 158 2261 τόπου
180 2195 232 2262 καί
254 2193 344 2261 πάλιν
367 2192 536 2284 βλαστάνει.

130 2303 176 2374 ότι
201 2304 275 2393 μετὰ
296 2309 455 2395 παρθένων
478 2306 697 2395 καὶγυναικῶν
720 2305 912 2374 τιθασεύεται
934 2304 1060 2394 σκύμνος
1083 2300 1137 2372 τόν.

129 2415 175 2485 ότι
196 2417 246 2485 τόν
267 2421 383 2507 πατέρα
407 2417 524 2506 ἀναιρεῖ
545 2420 599 2486 καί
621 2423 768 2508 ἐπιβαίνει
789 2427 842 2506 τἠς
865 2416 987 2507 μητρός.

131 2527 176 2597 ότι
206 2528 332 2606 ῦόδσῦς
365 2529 456 2598 αὐτοῦ
486 2529 598 2619 ὠφελεῖ
628 2535 670 2607 εἰς
701 2532 754 2621 τὴν
785 2529 970 2619 στομαχικήν
994 2529 1128 2597 διάθεσιν
1151 2531 1202 2597 καί
1287 2579 1291 2597 ,

71 2637 127 2707 τοῖς
152 2635 276 2722 Αἰθίοψι
304 2635 417 2722 γίνεται
446 2632 605 2723 φάρμακον
628 2635 836 2724 άδδηφαχίας·
868 2640 1017 2700 σιτοῦνται
1038 2633 1095 2722 γάρ
1118 2632 1200 2719 ὠμὸν
1223 2647 1255 2696 2⁰

76 2735 157 2822 ἰχθῦν
180 2737 230 2804 καί
252 2739 384 2805 πίνουσιν
408 2734 488 2825 ύδωρ
511 2741 716 2824 τεθολωμένον
732 2737 783 2804 καί
797 2736 869 2826 πρὸς
884 2743 928 2828 τιρῖ
942 2741 1082 2804 τελευτᾶν
1096 2740 1201 2823 γίνον-

73 2862 117 2903 ται
139 2843 166 2906 εί
188 2838 228 2928 μή
252 2840 302 2907 τόν
325 2836 434 2908 όδόντα
456 2839 679 2930 περιδησονται.

133 2947 178 3018 ότι
198 2949 218 3039 ἡ
242 2951 356 3040 γαστὴρ
379 2951 470 3019 αύτοῦ
494 2951 657 3022 ἀπελαύνει
678 2953 715 3020 τά
738 2952 903 3040 σεληνιακά
925 2953 1063 3039 δείματα.

134 3060 178 3130 ότι
198 3070 328 3134 τοσαῦτα
350 3063 514 3153 θεραπεύει
535 3062 593 3131 ’όσα
615 3071 667 3132 τοῦ
689 3063 833 3154 κάστορος
856 3063 872 3132 ό
894 3060 990 3154 όρχις.

136 3203 201 3264 κερ.
228 3175 286 3263 με’.
334 3177 401 3264 περί
425 3179 629 3265 ρινοκέρωτος.
676 3173 722 3244 ότι
744 3176 760 3244 ῦ
784 3175 941 3266 ῥινόκερως
963 3174 1038 3243 κατά
1060 3175 1093 3243 τὸ
1110 3180 1310 3263 μέγεψκκχχρ

76 3279 124 3352 θος
148 3277 299 3369 ἰσόρροπός
322 3282 384 3346 ἐστι
410 3291 455 3369 τῷ
475 3282 614 3370 ποταμίῳ
635 3281 728 3370 ίππιμ.
775 3284 851 3347 οἰκεῖ
874 3281 907 3346 δὲ
928 3279 1010 3370 παρά
1031 3307 1076 3368 τιμ
1098 3280 1200 3371 Νείλῳ

76 3380 227 3470 ἐρχόμενος
250 3381 308 3450 άπό
330 3389 382 3450 τοῦ
401 3383 557 3451 Ὠκεανοῦ.
604 3385 668 3467 ἔχει
692 3386 724 3450 δὲ
747 3383 824 3450 κατά
846 3391 898 3470 τῆς
922 3383 1000 3471 ῥινός
1022 3385 1112 3472 κέρας
1129 3380 1200 3450 ὡσεί

77 3485 160 3573 ίίρος,
184 3481 209 3576 ᾧ
230 3486 283 3553 καί
304 3490 414 3574 πέτραν
439 3492 598 3576 διατρήσαι
621 3485 757 3567 δύναται,
781 3486 833 3554 καί
854 3486 950 3577 τούτῳ
967 3485 1111 3562 πολλάκις
1126 3489 1199 3553 ἐλέ-

77 3613 165 3674 ραντα
186 3583 324 3679 ἀναιρεῖ.Ι

153 3874 175 3920 4.
194 3866 352 3936 καλούμενος
370 3884 415 3920 om
430 3872 456 3920 Β.
511 3869 601 3922 ἐαυτὸν
618 3869 718 3940 χρήσας
737 3868 807 3927 δπως
825 3867 970 3940 ὀλισθηρῶς
988 3868 1098 3940 είσπηδᾱ
1110 3870 1138 3922 Β.
1192 3874 1251 3922 κου.

77 3951 188 4006 κατεσθίει
200 3954 244 4008 καὶ
256 3953 396 4024 ἀναιρεῖΒ.
434 3961 459 4007 k.
475 3959 542 4022 Ορρ.
557 3958 624 4022 Cyn.
637 3957 773 4006 lllkunss.
811 3953 885 4013 οὗτος
898 3971 942 4007 om
956 3959 984 4008 Β.
1023 3962 1046 4006 5.
1061 3957 1104 4008 καὶ
1116 3955 1251 4018 κταίνειΒ,

79 4043 159 4092 οωλ.
230 4043 385 4093 mmmm
404 4045 433 4093 Β.
508 4047 547 4092 13.
569 4043 720 4095 Δολθδυ.
775 4039 947 4094 θτιΑιθΒ.
1003 4044 1255 4112 μετρεῑλιμιπρεῖ

79 4130 210 4190 amn.
284 4132 326 4179 ίί.
346 4133 489 4198 κατακῆρπι
507 4128 535 4179 Β.
593 4127 695 4198 κάμψαι
714 4155 745 4165 -
764 4126 867 4180 δύναται
884 4143 929 4178 om
947 4131 976 4180 B.
1050 4134 1091 4179 45.
1112 4129 1140 4182 δέ
1158 4143 1202 4180 om
1222 4133 1251 4180 Α.

136 4211 349 4273 κστλτόπσυςΒ.
435 4221 475 4264 57.
495 4213 539 4266 καὶ
557 4229 611 4265 om.
631 4215 660 4265 Β.
741 4220 782 4264 48.
803 4215 870 4265 haec
888 4229 932 4266 om
953 4217 981 4266 Β.
1045 4215 1112 4266 ΡΙυι.
1134 4229 1159 4280 p.
1179 4221 1250 4266 9020.

138 4303 176 4350 ⁴⁹.
195 4299 292 4370 ὠφελεῖ
309 4303 345 4350 A:
367 4305 437 4352 ποιεῖ
454 4303 482 4352 Β.
539 4300 575 4358 είς
594 4299 707 4372 μαχικὴν
726 4303 753 4351 Β.
814 4307 856 4352 2⁰.
876 4299 1020 4371 ἀδηφαγίας
1038 4303 1067 4352 Β.
1121 4307 1164 4351 κι.
1185 4299 1253 4371 χίντ-

78 4388 146 4434 τσιλ.
181 4392 222 4440 15.
242 4387 275 4438 τό
293 4385 397 4454 σελήνια
413 4387 458 4439 καὶ
474 4385 580 4455 δείματα
593 4389 621 4441 Β.
659 4391 701 4438 2⁶.
717 4392 762 4439 τοῦ
781 4385 906 4456 ποταμίου
923 4384 1004 4439 ίππυυ
1017 4389 1045 4438 Β.
1085 4392 1128 4438 27.
1143 4386 1249 4438 ὠσελλι

79 4467 147 4524 ὁιΒ.
199 4477 241 4526 ¹8.
262 4471 370 4544 πέτρανι
392 4474 457 4539 Ορρ.
479 4473 545 4535 Cyn.
568 4474 588 4522 ΙΙ
603 4475 662 4523 555.
719 4471 840 4542 διατρίσαι
859 4474 887 4524 Β.
939 4476 1015 4526 τοῦτο
1034 4475 1062 4525 Β.
1110 4471 1249 4543 ἐλίφανται

81 4554 135 4620 Ορρ.
154 4558 218 4624 Cyn.
238 4561 260 4610 11
274 4563 334 4612 555.
1031 4551 1037 4564 '
