3252 5130
584 401 802 464 Contrarium.
1213 391 1287 464 617

106 587 186 648 letali
203 587 298 669 plapa
315 588 460 668 percussi
479 607 548 651 sero
570 593 698 653 sentitis.
745 592 889 672 ineptum
912 601 961 653 est
982 591 1056 654 baec
1071 601 1172 655 erunt.
1220 595 1292 657 Lah-

107 690 175 751 nius
196 690 269 752 baec
291 698 364 752 sunt
392 691 530 772 scripsit.
578 695 700 756 minare
729 696 825 756 etiam
855 696 981 774 negotio
1011 693 1217 758 scribendum
1244 707 1292 760 est

106 791 175 854 baec
196 801 295 855 mant.
781 815 784 826 ·

189 896 275 959 Idem
298 915 327 958 rr
344 898 385 958 lb
413 907 445 960 ot
474 906 507 960 tu
535 901 667 982 simplem
697 901 832 982 alioquin
860 909 892 963 ct
915 917 1028 982 aupers
1054 920 1161 964 rerum
1183 903 1291 965 taliam

106 1017 211 1078 speras
234 1007 261 1061 te
282 1001 473 1063 sanctissimi
490 1016 546 1064 nec
567 1004 668 1066 minus
691 1003 967 1085 tmuuleaii'fontis
990 1007 1039 1067 cel
1059 1023 1154 1066 anam
1176 1007 1291 1068 stillam

102 1119 187 1180 posse
206 1101 318 1182 furari
336 1103 385 1164 uel
406 1106 526 1166 omnino
547 1107 740 1189 continpere?
762 1108 825 1168 '‘ita
848 1108 926 1169 haec
951 1105 1122 1170 scribenda
1147 1127 1217 1170 esso
1239 1111 1292 1170 vi-

105 1203 230 1266 dentur.
259 1205 341 1267 liber
355 1207 554 1272 Florentinns
570 1217 710 1292 speram:
722 1232 732 1269 :
749 1208 806 1271 sed
821 1210 901 1271 nihil
918 1209 1119 1291 frequentius
1131 1220 1179 1273 est
1195 1231 1291 1293 quam

106 1324 159 1385 pue
181 1327 197 1367 a
222 1306 362 1370 librariis
385 1310 465 1372 male
489 1320 543 1373 aut
565 1311 640 1374 addi
663 1323 718 1374 aut
740 1313 852 1374 amitti.

186 1409 273 1471 Idem
289 1431 318 1472 vr
334 1414 375 1476 29
399 1413 521 1476 accedes
543 1417 678 1497 antiquis
701 1422 729 1478 et
749 1418 813 1497 ipse
828 1416 989 1478 miraculis
1009 1426 1041 1479 et
1055 1418 1117 1477 iam
1133 1418 1292 1480 credemus

102 1514 238 1594 exemplo
260 1521 331 1576 tace
353 1519 492 1580 ueritatis
515 1525 544 1580 et
568 1519 725 1599 Pbrpccum
748 1520 840 1580 arieti
860 1527 1077 1599 supernatasse
1099 1528 1127 1581 et
1140 1509 1290 1582 amionem¹

103 1615 275 1696 delphinum
296 1618 482 1700 prebernasse
497 1629 526 1683 et
536 1623 692 1702 Europam
708 1630 797 1683 tauro
813 1620 1042 1702 supermbosse.
1075 1624 1227 1685 miserum
1242 1633 1291 1686 est
1302 1639 1333 1686 to

107 1717 189 1798 quod
213 1721 304 1782 etiam
327 1733 498 1785 servarunt
521 1733 644 1806 etpost
666 1726 826 1787 miraculis
850 1725 1132 1804 interpunxarunt.

188 1822 275 1886 ldem
291 1845 320 1885 xi
333 1824 374 1887 27
387 1834 416 1887 et
430 1827 497 1887 ilico
513 1827 586 1889 deae
601 1829 758 1890 matutinis
766 1826 910 1910 perfectis
925 1829 1163 1892 salutationibus
1175 1849 1291 1892 summo

104 1925 200 1987 studio
220 1927 426 2006 percontabar
446 1929 583 2010 sinpulos
606 1932 699 2009 ecqui
723 1932 857 2010 vestigio
880 1931 976 1991 simili
999 1933 1040 1993 sit
1058 1935 1190 1993 samnio.
1237 1952 1292 1997 nec

100 2028 172 2106 fides
196 2029 284 2110 afuit.
332 2031 378 2092 sic
400 2029 515 2092 scribo.
562 2031 646 2093 liber
668 2041 715 2114 eta
734 2034 896 2115 uesti'pium
926 2034 1035 2096 similis
1063 2041 1098 2096 ut
1126 2039 1288 2100 somnium.

188 2133 315 2194 CXLlll.
363 2134 570 2214 Symmachus
591 2136 624 2197 in
641 2135 802 2197 Laudibus
818 2136 851 2196 in
865 2137 1120 2200 Valentinianum
1136 2157 1147 2199 1
1165 2139 1202 2200 lb
1220 2159 1252 2219 p.
1272 2137 1290 2198 7

104 2234 190 2295 Rani.
216 2254 287 2318 erpo
309 2238 342 2298 in
365 2237 444 2299 diras
467 2252 561 2299 curas
576 2238 688 2300 diuidis
711 2238 793 2300 orbis
808 2239 976 2302 candias.-
999 2242 1145 2302 invictum
1156 2241 1291 2322 fratrem

105 2338 277 2420 relinquens
300 2341 420 2418 orienti,
453 2339 517 2421 ipse
539 2359 638 2422 supra
660 2344 798 2422 inpacati
819 2341 916 2404 libeni
941 2342 1173 2405 semibarbaras
1202 2347 1290 2425 rr'pas

103 2442 215 2521 raptim
237 2443 356 2504 aemilia
378 2444 560 2505 constituens
583 2451 612 2504 et
628 2447 808 2523 prouincias
838 2446 919 2506 lamo
945 2449 1140 2526 superiorum
1170 2446 1290 2509 deditas

103 2545 212 2606 ueteris
237 2546 378 2626 ipnaviae
396 2545 515 2626 pudore
537 2545 700 2626 defendens
719 2549 865 2628 princeps
887 2556 1009 2610 crealtrs
1026 2549 1069 2609 ad
1089 2549 1291 2630 difficiliorem

105 2649 245 2710 militiam
268 2651 430 2710 revertisti.
478 2667 584 2728 nequa
607 2648 725 2711 deditas
748 2667 859 2711 verum
877 2669 947 2712 esse
962 2661 1065 2731 potest
1085 2671 1190 2732 neque
1206 2649 1290 2714 hene

104 2752 199 2813 Maius
222 2751 341 2812 desides
364 2749 570 2812 scribendum
593 2770 662 2812 csse
686 2753 831 2813 coniecit.
871 2755 999 2833 scripsit
1015 2755 1222 2835 Symmachus
1236 2754 1291 2816 de-

102 2856 186 2932 sitas,
215 2852 248 2915 id
271 2864 319 2916 est
333 2854 501 2916 destitutas
516 2863 547 2915 et
563 2855 733 2934 neglectas.
765 2867 919 2918 secuntur
933 2857 1021 2935 haec,
1046 2858 1150 2918 statim
1166 2859 1287 2933 itinera,

102 2959 203 3018 statim
224 2957 353 3037 proelia,
380 2965 406 3018 et
425 2958 548 3038 primus
571 2959 602 3018 ia
625 2959 721 3019 aciem
740 2967 936 3038 purpuratus
959 2967 986 3020 et
1008 2961 1122 3042 repolis
1146 2961 1220 3021 aula
1235 2961 1291 3022 sub

101 3059 241 3139 pellibus,
260 3077 382 3121 somnus
398 3059 453 3121 sub
469 3061 560 3138 caelo,
578 3068 667 3140 potus
682 3060 815 3140 alluvio,
838 3060 974 3124 tribunal
989 3065 1021 3124 in
1037 3081 1152 3143 campo.
1186 3061 1291 3124 scribe

104 3164 135 3222 in
156 3165 233 3224 acia.

188 3265 310 3327 ibidem
334 3285 402 3346 cap.
423 3267 462 3326 lb
478 3286 510 3346 p.
530 3269 548 3326 8
573 3268 650 3329 tales
672 3266 733 3328 sibi
746 3275 846 3329 terras
862 3269 975 3350 elipunt
990 3271 1043 3349 qui
1060 3276 1094 3330 ul
1109 3267 1291 3330 subveniant

104 3369 269 3450 eliquatur.
318 3369 489 3448 corrigitur
511 3371 610 3431 oratio
633 3379 752 3431 mutato
775 3369 890 3451 elipunt
912 3371 944 3431 in
967 3371 1113 3454 dclr'punt.

189 3471 315 3531 CXLIV.
349 3471 556 3551 Symmachus
574 3474 605 3533 in
622 3470 783 3534 Laudibus
800 3473 832 3532 in
843 3474 1098 3536 Valentinianum
1116 3492 1137 3536 u
1151 3475 1190 3536 22
1207 3494 1239 3554 p.
1251 3476 1286 3535 21

103 3573 209 3634 debent
230 3572 284 3634 tibi
304 3574 427 3655 iapenia
449 3577 581 3636 omniu-m
603 3575 682 3656 quod
704 3575 856 3637 locuntur.
903 3583 987 3638 sonet
1008 3575 1092 3656 apud
1118 3584 1144 3638 le
1168 3575 1300 3639 libertas·

100 3675 234 3756 sorensis
257 3677 376 3758 eloquii,
402 3695 492 3757 quam
515 3677 631 3739 dudum
653 3678 776 3739 esculem
791 3677 996 3740 tribunalibus
1012 3679 1184 3742 reddidisti.
1217 3700 1292 3760 pro-

102 3777 254 3840 babiliter
269 3777 470 3842 Heindoriius
486 3781 619 3840 carnium
640 3781 673 3840 in
690 3787 846 3842 oratorum
861 3781 1048 3843 mutandum
1068 3800 1137 3844 esse
1154 3785 1290 3844 censuit.

104 3882 161 3944 ssd
185 3892 351 3962 praeterea
373 3890 463 3944 sonat
484 3884 672 3962 requiritur.

189 3984 314 4046 ibidem
336 4003 404 4065 cap.
423 3986 462 4047 23
481 4005 513 4066 p.
533 3987 573 4048 22
590 3985 662 4046 dam
685 3987 717 4047 in
739 3987 892 4048 medulliis
914 3986 1121 4049 barbarorum
1143 4008 1204 4049 non
1227 3997 1294 4051 ten-

103 4091 183 4149 toria
206 4088 259 4150 sed
281 4095 357 4150 tecta
378 4089 545 4163 constituis,
571 4088 758 4168 triumphum
769 4091 857 4169 pacis
872 4091 970 4171 episti.
1010 4099 1125 4153 canant
1143 4093 1201 4154 alii
1214 4111 1294 4174 quoe

104 4199 279 4271 supersunt,
304 4209 355 4273 epo
378 4193 462 4254 lestis
473 4190 588 4273 fanpor
611 4191 716 4272 officio.
757 4191 803 4254 ibo
816 4209 874 4271 per
893 4191 995 4271 urbes,
1021 4192 1067 4254 ibo
1080 4213 1137 4275 per
1150 4197 1290 4276 papulas,

106 4295 269 4355 iactantior
292 4296 404 4356 uictore
427 4293 561 4356 laudato.
610 4292 715 4356 scribo
738 4295 915 4356 meditulliis
938 4305 970 4357 et
987 4294 1116 4378 suppar.

190 4396 302 4458 CXLV.
349 4397 556 4478 Symmachus
579 4397 611 4457 in
627 4395 786 4458 Relatione
809 4397 886 4457 265
909 4405 977 4478 post
997 4398 1070 4461 baec
1092 4400 1221 4463 alterius
1238 4401 1296 4462 loci

104 4499 278 4580 emploralio
300 4500 435 4562 tiriaca
457 4517 628 4582 compapem
651 4500 789 4581 lapidum
808 4499 1014 4582 deprehendit,
1039 4521 1130 4584 quam
1148 4503 1294 4584 Cyriades
