3178 5136
576 384 680 444 Vinii.
1146 368 1215 441 491

49 573 186 652 tenderet,
212 573 357 654 viditque
381 572 466 634 idem
489 573 688 634 Letronnius.
721 573 871 636 nimirum
895 572 1122 636 intellexerunt
1145 591 1219 634 ver-

49 697 126 738 suum
153 677 271 757 primas
299 678 422 737 litteras
450 675 564 754 partim
593 673 673 736 duas
706 678 821 756 partim
856 685 921 738 tres
949 675 1030 738 hanc
1064 673 1216 756 praebere

48 777 282 857 acrostichidem,
308 773 453 842 Κατιλίοο
475 780 528 841 τοῦ
549 773 601 840 καί
624 771 802 862 Νικάνορος.
849 778 933 840 idem
957 778 1088 840 Catilius
1111 780 1166 858 qai
1190 788 1222 840 et

49 883 180 958 Nicanor,
211 882 375 944 Nicanoris
398 880 498 959 filius,
531 881 591 942 alia
621 879 683 944 duo
711 881 785 942 iecit
807 882 1047 962 epigrammata,
1083 882 1219 962 quaein

49 983 145 1046 eadem
167 984 269 1046 insule
293 993 421 1065 reperta
443 993 519 1046 sunt
539 982 623 1062 (ClG.
644 982 853 1064 19831981).
880 1003 974 1064 quem
992 984 1136 1055 Catilium
1153 981 1221 1046 hrii

49 1087 221 1168 philosophi,
246 1105 309 1167 quo
325 1087 474 1166 magistro
488 1085 652 1166 Augustus
667 1105 743 1148 usus
764 1096 822 1165 est,
848 1097 994 1168 nepotem
1017 1087 1114 1150 luisse
1130 1087 1220 1149 docta
1308 1102 1316 1117 ⁰

48 1201 75 1250 et
94 1189 178 1252 valde
201 1189 377 1272 probabilis
392 1196 441 1250 est
455 1189 634 1250 coniectura
652 1189 812 1250 Letronnii
836 1210 867 1270 p.
888 1191 959 1250 113.
991 1189 1050 1252 sed
1072 1189 1221 1251 artificio-

48 1293 103 1354 sius
123 1295 215 1356 etiam
239 1311 334 1372 quem
357 1293 507 1353 Frenzius
529 1300 560 1353 et
583 1293 771 1354 Letronnius
799 1301 950 1372 putarunt
977 1291 1056 1354 illud
1080 1302 1128 1354 est
1151 1294 1221 1373 epi-

49 1415 183 1474 gramma.
223 1414 296 1458 nam
326 1396 354 1456 si
383 1413 534 1456 versuum
565 1394 615 1455 his
637 1395 750 1474 primis
773 1395 888 1458 litteris
916 1395 1220 1479 κτλοτννκνρ

49 1499 160 1561 ultimas
183 1499 419 1577 interponimus
439 1519 458 1558 α
476 1519 485 1558 ι
502 1518 511 1557 ι
527 1519 544 1559 ο
559 1519 595 1560 oo
611 1519 645 1559 αι
660 1521 670 1559 ι
686 1519 705 1560 α
721 1520 740 1558 ο
752 1520 785 1568 ος
808 1497 894 1560 idem
917 1497 1058 1562 nescitur
1076 1493 1221 1562 Kotilion

48 1603 90 1662 τοῖν
109 1597 158 1664 καί
180 1595 361 1683 Νικάνορος.

120 1705 192 1765 1111.
233 1703 501 1784 Epigrammatum
519 1701 708 1764 Graecorum
724 1701 920 1764 multitudini
936 1703 1075 1766 hlillerus
1094 1701 1221 1784 (Notices

47 1814 68 1866 et
87 1810 214 1870 contraite
237 1807 290 1868 des
306 1807 491 1868 concerto
506 1806 543 1868 de
558 1806 589 1868 lo
604 1803 798 1886 bibliotheque
812 1805 970 1884 imperiale
992 1816 1015 1866 t.
1034 1825 1080 1868 xm
1098 1827 1129 1886 p.
1147 1808 1216 1886 too)

47 1911 157 1988 putavit
180 1910 237 1970 hos
260 1928 372 1970 versus
394 1906 554 1985 accedere,
581 1927 660 1987 quos
684 1927 724 1968 ex
746 1906 853 1968 codice
877 1909 1140 1989 llippiatricorum
1164 1912 1222 1971 Pe-

48 2013 132 2074 risino
154 2013 239 2074 8388
263 2011 405 2091 protulit,

228 2109 332 2176 Δεινίνν
355 2111 476 2198 ἐχίδνης
500 2114 602 2196 δῆγμα
623 2108 826 2197 καταχρισθὲν
848 2107 1025 2198 τιθνμάλὶαρ

270 2210 409 2282 παίεται.
436 2207 462 2278 ὦ
485 2212 617 2300 Χείρων,
642 2209 728 2279 τοῦτό
752 2239 786 2278 σε
807 2217 871 2286 πῶς
893 2213 1020 2280 dholian:

227 2315 283 2384 οὖν
307 2315 411 2404 ἀφυῶς
434 2313 450 2381 ὁ
474 2312 601 2388 Κόιντος
624 2313 765 2403 ἀνεύρετο
787 2317 918 2404 τέσσαρα
940 2321 1045 2394 ταῦτα,

270 2417 426 2507 γεντιανήν
450 2415 567 2506 δάφνας
589 2416 721 2506 σμύρναν
746 2415 956 2507 ἀριστολόχην.
1224 2499 1227 2505 ¹

46 2527 71 2585 in
98 2526 204 2589 codice
235 2535 285 2588 est
307 2528 370 2586 v.l
399 2523 632 2610 ναταχρισθέντι
661 2518 805 2608 hopdhip,
839 2544 868 2585 ν.
888 2526 906 2586 8
930 2518 948 2587 ‘o
976 2523 1099 2610 χείρων.
1137 2529 1223 2590 τοῦτο

46 2623 171 2712 camede,
200 2649 231 2690 v.
252 2629 270 2687 3
295 2621 423 2699 νάϊντος.
462 2645 544 2708 queo
567 2629 671 2690 omnia
694 2627 884 2690 Duebnerus
907 2630 1054 2690 correxit.
1088 2630 1222 2690 alterum

45 2741 136 2792 autem
159 2731 322 2794 distichon
345 2749 417 2793 cum
440 2731 545 2810 priore
568 2731 653 2793 nulla
676 2749 782 2809 neque
805 2731 954 2792 orationis
971 2749 1076 2810 neque
1091 2740 1224 2793 senten-

44 2835 95 2896 tiae
118 2835 356 2898 continuatione
380 2833 538 2895 cohaeret.
585 2831 671 2894 unde
695 2832 795 2911 liquet
825 2833 881 2892 hos
903 2851 1016 2894 versus
1039 2852 1101 2894 non
1124 2853 1222 2896 unam

44 2936 158 3000 ellioere
189 2938 397 3018 epigramma.
454 2935 604 2998 videntur
637 2936 742 3015 potius
774 2935 948 3015 particulae
983 2953 1052 2997 esse
1075 2937 1223 2999 carminis

43 3042 125 3118 quale
160 3033 286 3123 Γαλήνη
318 3049 365 3101 est
397 3037 622 3100 Andromachi.
670 3039 806 3111 Quintus
843 3039 898 3118 qui
936 3039 1222 3119 tetrapharmacum

43 3143 111 3206 illud
144 3145 271 3206 invenit
305 3144 333 3205 is
362 3143 498 3215 Quintus
532 3141 675 3204 medicus
709 3141 806 3204 luisse
838 3151 940 3222 potest
973 3143 1064 3204 cuius
1086 3142 1224 3205 Galenus

42 3249 157 3328 saepius
180 3248 376 3310 mentionem
400 3246 485 3306 lecit.
532 3263 666 3306 novasse
693 3263 765 3306 eum
789 3263 851 3304 non
875 3245 960 3307 nulla
984 3245 1016 3306 in
1040 3264 1224 3326 conponen-

43 3349 84 3410 dis
104 3351 346 3414 medicamentis
369 3367 404 3410 ee
426 3337 549 3410 docent¹
573 3367 654 3430 quae
671 3347 807 3410 Galenus
831 3347 926 3410 hahet
949 3347 989 3410 de
1012 3349 1117 3429 simpl.
1136 3349 1220 3412 med.
1233 3362 1265 3408 τε

42 3463 129 3534 temp.
147 3471 202 3516 rin
222 3454 301 3514 llt.
321 3472 342 3514 tt
359 3473 391 3533 p.
410 3454 450 3512 89
468 3454 536 3514 Bas.
556 3469 608 3512 xrrr
625 3469 656 3531 p.
677 3452 737 3512 186
755 3451 812 3512 Ch.
838 3449 932 3512 etde
956 3450 1222 3514 antidrlltrr

43 3574 69 3634 p.
85 3557 143 3617 131
161 3557 235 3618 Bas.
253 3575 306 3618 rur
322 3577 355 3636 p.
374 3555 435 3616 887
453 3555 510 3618 Ch.

118 3661 192 3721 tlt.
236 3658 337 3740 Caput
357 3659 623 3738 llippiatricorum
646 3675 664 3718 a
688 3657 832 3738 Grynaeo
854 3676 937 3720 anno
960 3675 1099 3718 nourrii
1123 3655 1225 3718 edito-

43 3778 103 3822 rum
127 3781 215 3824 xxxtr
244 3759 287 3842 (p.
308 3761 367 3822 183
377 3761 414 3842 ε.)
444 3779 480 3822 ea
505 3761 536 3820 in
567 3769 657 3841 parte
687 3778 754 3840 qua
773 3761 974 3822 Theomnasti
998 3769 1046 3820 est
1068 3779 1225 3820 memora-

42 3862 97 3926 hile
119 3865 377 3946 conplementum
407 3881 511 3942 nuper
539 3864 660 3944 accepit
683 3881 700 3924 a
723 3863 859 3942 hlillero,
896 3863 952 3943 qui
981 3861 1086 3941 copias
1109 3860 1225 3923 codicis

42 3966 117 4030 illius
132 3967 270 4030 Parisini
287 3967 370 4028 8888
388 3966 420 4026 in
436 3966 600 4046 publicum
615 3966 745 4046 protulit
767 3964 841 4051 [Not.
861 3973 889 4028 el
903 3971 985 4026 eoetr.
1005 3973 1028 4024 t.
1048 3983 1095 4024 xxi
1110 3981 1142 4043 p.
1155 3963 1222 4044 56).

118 4062 315 4154 Θεομνήστου
336 4063 460 4132 τετοίνοο
481 4065 628 4153 θεραπεία
651 4061 701 4132 διὰ
721 4063 838 4152 πείρας.

116 4167 152 4238 Ὁ
172 4171 298 4243 τέτανος
319 4173 381 4243 τοῖς
402 4167 501 4243 ἵπποις
523 4168 574 4236 καί
594 4171 655 4242 τοῖς
678 4162 780 4242 ἄλλοις
808 4165 977 4252 ίντοίογίοις
1006 4162 1060 4232 οὖν
1081 4159 1181 4239 ἄλλως
1203 4159 1223 4229 ί

119 4405 556 4483 1.τι11’.8τορνήστον-τε1ρας
580 4413 613 4474 Ρ,
646 4413 673 4463 id
697 4415 738 4463 est
767 4411 852 4462 codex
877 4411 1026 4462 Parisinus:
1057 4403 1223 4476 Θεομνήστου

41 4493 73 4552 tls
89 4499 115 4550 rh
133 4498 195 4552 ehad
217 4499 248 4561 11,
270 4499 297 4550 id
316 4504 356 4550 est
376 4499 539 4564 Hippiatriea
558 4499 788 4564 amenoptes.
