3156 5132
555 451 721 515 Ansnscrs.
1157 439 1231 514 369

61 643 208 705 adnotavit
230 641 442 704 Ruhnkenius
467 643 579 704 ‘immo
595 662 624 704 rr
639 643 725 703 38⁴!
771 644 813 706 ita
836 653 884 706 est
904 643 1060 724 prolecto:
1086 642 1144 707 sed
1166 646 1233 707 llu-

64 747 187 835 bnianm
209 745 290 807 nihil
305 747 461 825 peccavit.
501 747 629 827 scripsit
646 749 731 809 enim
746 753 780 809 ut
802 747 949 830 Veryilius
974 749 1012 824 ‘i,
1030 765 1153 830 sequere
1169 751 1234 812 lto-

59 851 124 912 liam
145 850 251 927 ventos,
273 856 340 930 pete
362 867 459 932 repna
477 868 536 932 per
557 849 681 912 undas)
727 849 784 912 sod
807 855 820 912 i
839 849 919 914 illud
942 851 1022 913 male
1037 852 1232 915 intellectum

58 953 124 1015 lecit
143 961 178 1014 ut
200 950 350 1014 librarius
372 952 489 1033 aliquIs
512 954 618 1034 inepte
640 953 772 1017 sedulus
786 953 942 1017 scriberet
957 949 1106 1017 Aeneidos
1117 957 1229 1037 primo.

57 1057 209 1137 perspexit
239 1074 309 1117 rem
330 1056 483 1118 Martinus
512 1055 571 1119 des
592 1055 719 1119 Amorie
748 1076 810 1120 van
833 1056 892 1119 der
914 1059 1042 1120 Hoeven
1065 1057 1097 1119 iu
1121 1059 1233 1139 Speci-

57 1161 131 1221 mine
153 1156 410 1222 emendationum
434 1161 466 1220 in
485 1162 655 1241 scriptores
671 1169 794 1224 veteres
810 1159 895 1242 quod
909 1159 1134 1224 Amstelodemi
1149 1180 1232 1224 anno

57 1283 212 1326 nocemur
235 1260 336 1325 edidit
358 1282 390 1345 p.
409 1263 440 1324 8.
488 1263 566 1326 solet
587 1273 693 1328 autem
707 1265 893 1328 Rufinianus
908 1263 964 1328 ubi
980 1265 1160 1346 Vergiliana
1174 1263 1233 1326 ed-

56 1366 109 1429 lert
129 1367 229 1429 solum
251 1375 362 1448 poetae
384 1385 500 1428 nomen
523 1386 643 1448 ponere
666 1385 772 1449 neque
787 1387 937 1449 umquam
953 1368 1101 1431 carminis
1116 1385 1232 1430 nomen

56 1481 102 1533 aut
121 1470 194 1532 libri
217 1488 386 1533 numerum
408 1467 509 1532 addit.

132 1573 294 1635 XXXVIII.
326 1570 375 1634 td
399 1574 557 1637 luvenalis
573 1576 637 1637 Sat.
656 1577 676 1638 ii
694 1575 754 1638 lli
778 1575 973 1657 adscriptum
997 1573 1152 1638 habemus
1174 1575 1233 1638 boe

57 1677 196 1740 scholion.
243 1677 362 1739 steriles
391 1677 534 1741 mutieres
559 1677 773 1759 februuntrbus
803 1680 936 1761 lupercis
964 1695 997 1741 se
1018 1677 1184 1760 offerebant
1205 1685 1234 1741 et

54 1781 147 1860 forulo
176 1778 435 1870 verberobpntur,
466 1779 520 1843 ltoc
548 1783 667 1844 nomine
690 1783 743 1862 qui
762 1781 849 1864 infre
871 1789 978 1845 tectum
1000 1781 1088 1844 multi
1109 1782 1233 1844 seminis

55 1885 139 1947 credit
160 1889 333 1948 contractus
357 1883 397 1946 od
415 1883 633 1966 secunditatem
647 1884 793 1948 modom.
842 1887 957 1948 multae
972 1893 1047 1948 sunt
1063 1885 1231 1948 multorum

56 1987 90 2050 de
110 1974 387 2070 deprava¹tIssimis
408 1987 518 2050 verbis
540 1989 749 2070 opinationes,
774 1989 832 2052 sod
853 2007 953 2051 vanae
969 2007 1088 2051 omnes.
1128 1986 1270 2050 seribott

55 2091 99 2153 loc
118 2093 235 2153 nomme
258 2093 333 2172 quia
357 2091 527 2154 frutectum
551 2092 640 2154 multi
660 2093 784 2155 seminis
807 2091 949 2155 ereditur
963 2090 1139 2155 conducere
1155 2110 1232 2153 oon-

56 2204 129 2258 tactu
150 2194 191 2256 od
209 2192 426 2275 secunditatem
447 2195 595 2259 dandum.
641 2205 763 2258 certum
786 2205 835 2258 est
857 2197 929 2277 qnia
947 2195 1130 2277 frutectum:
1154 2195 1233 2256 reli-

56 2315 107 2378 qua
128 2300 222 2360 etiam
244 2299 337 2360 aliter
359 2297 456 2360 scribi
479 2309 622 2379 possunt.

131 2402 164 2462 lu
193 2401 310 2463 scholio
337 2399 377 2462 ad
400 2403 465 2464 Sat.
484 2405 502 2464 l
522 2403 560 2462 38
591 2401 750 2484 adscripto
778 2401 853 2466 libri
883 2403 1003 2467 habeut
1025 2402 1159 2464 meminit
1179 2400 1233 2464 ltoc

60 2505 185 2567 Interius
197 2504 355 2568 Marticolis
371 2505 403 2567 in
418 2507 635 2589 epiyrammnte
649 2505 697 2569 lu's
712 2525 784 2568 uero
799 2506 859 2569 sibi
868 2508 946 2588 finit,
962 2506 1071 2568 Flauio
1083 2523 1156 2588 pens
1169 2513 1229 2567 ete.

57 2626 89 2668 cn
109 2627 177 2671 coro
200 2607 260 2670 sibi
279 2607 460 2671 laciendum
483 2627 551 2671 esse
575 2608 715 2672 versibus
731 2609 878 2672 Pithoeus
900 2608 999 2672 vidit:
1026 2605 1231 2671 scribendum

56 2709 159 2775 deinde
181 2734 250 2778 esse
271 2717 354 2790 finito
377 2713 537 2776 neminem
559 2712 679 2776 vidisse
703 2713 810 2774 miror.

131 2818 282 2881 Similiter
312 2819 457 2900 conplete
487 2815 587 2879 verbo
610 2817 700 2879 cuius
723 2817 832 2878 ultima
855 2816 960 2880 littera
983 2817 1079 2898 periit
1102 2817 1233 2881 restituo

57 2917 83 2978 in
105 2917 204 2984 tabula
227 2941 311 3003 quae
334 2921 375 2984 ad
391 2922 456 2982 Sat.
476 2921 494 2979 6
511 2920 574 2982 526
597 2919 745 2982 adnotata
767 2929 815 2982 est
831 2921 968 3001 luppiter
984 2922 1129 2983 lunonem
1144 2920 1233 2983 llexit

56 3024 163 3100 petitu:
188 3025 318 3088 indulsit
335 3023 437 3106 pelo'ci.
485 3022 558 3084 libri
582 3022 701 3085 babent
723 3023 834 3086 ditescit
851 3026 936 3105 petit.
982 3024 1073 3106 prius
1096 3023 1232 3087 verbum

57 3125 119 3186 olim
146 3130 284 3191 correxi:
317 3126 462 3190 vocabuli
487 3125 573 3207 quod
595 3137 644 3190 est
665 3128 759 3209 petitu
781 3129 926 3210 exempla
948 3128 1105 3210 congessit
1127 3126 1233 3192 Dede-

57 3229 162 3294 ricbius
185 3230 301 3294 introd.
328 3233 360 3293 in
382 3231 493 3313 Dictyn
517 3249 549 3312 p.
568 3250 645 3293 xnrn.

131 3336 265 3397 XXXIX.
291 3333 386 3416 Apud
401 3332 577 3398 Arnobium
593 3353 634 3397 ru
653 3336 692 3398 te
716 3338 748 3397 in
771 3345 895 3400 vetusto
918 3334 999 3398 libro
1022 3335 1101 3398 haee
1115 3336 1231 3416 scripta

58 3447 129 3516 sunt,
152 3441 181 3502 si
200 3457 244 3502 em
265 3436 382 3500 duobus
402 3435 584 3518 facientibus
606 3457 657 3501 res
680 3458 789 3502 sacrus
811 3439 865 3502 boc
887 3447 931 3502 est
948 3457 1029 3502 unus
1044 3445 1072 3500 et
1087 3439 1230 3521 locuples,

58 3537 123 3601 alter
150 3549 276 3625 enpusto
308 3541 392 3618 lore,
425 3541 478 3603 sed
508 3543 677 3604 innocentio
702 3541 800 3623 suerit
828 3550 856 3605 et
878 3541 1030 3624 probitate
1052 3539 1229 3622 laudabilis,

59 3651 159 3707 centum
180 3647 232 3708 ille
254 3643 363 3708 caedat
384 3643 472 3707 boves
495 3644 671 3728 totidemque
693 3664 761 3708 cum
783 3645 933 3729 amiculis
955 3648 1020 3708 suis
1036 3653 1160 3724 matres,
1183 3651 1232 3708 tus

59 3763 161 3829 pronper
175 3751 324 3832 eaeipuum
339 3755 367 3810 et
381 3747 484 3810 odoris
499 3748 631 3811 altcarius
645 3767 740 3810 unam
755 3755 920 3812 concremet
934 3747 1116 3832 ploebulam,
1134 3767 1233 3810 nonne

59 3850 105 3912 erit
124 3870 303 3934 consequens
326 3859 360 3913 ut
382 3849 486 3914 debent
508 3852 603 3929 credi,
628 3853 658 3915 si
675 3852 761 3914 modo
775 3851 853 3916 nibil
868 3852 995 3913 numina
1009 3851 1073 3914 nisi
1082 3852 1231 3933 praemiss

59 3955 280 4018 antecedentibus
308 3962 488 4036 praestant,
520 3963 554 4017 ut
578 3954 719 4037 sonorem
749 3973 840 4018 suum
868 3953 1050 4018 commodent
1080 3955 1229 4036 lominich,

59 4065 183 4121 auertunt
203 4079 225 4121 o
243 4057 432 4140 pauperculo
462 4059 596 4138 lumino,
628 4077 713 4141 quem
742 4061 917 4123 restrictum
945 4076 1007 4119 non
1035 4059 1157 4120 unimus
1179 4058 1233 4120 sed

59 4153 207 4230 [acutioris
229 4164 278 4224 rei
298 4163 462 4224 necessitas
482 4160 577 4243 fecit?
600 4163 707 4244 inepto
724 4163 768 4225 illi
784 4162 838 4226 boc
853 4170 898 4225 est
910 4161 1051 4225 sabaeus
1066 4158 1232 4223 substituit

60 4255 192 4328 inustus.
239 4270 373 4331 mirarer
400 4267 433 4330 id
457 4276 565 4349 postea
587 4275 792 4348 propagatum
816 4284 885 4329 esse
908 4265 969 4330 nisi
992 4265 1106 4328 scirem
1129 4263 1232 4326 bomi-

63 4359 141 4428 nibus
161 4369 258 4434 doeIIs
282 4373 314 4435 iu
331 4371 463 4434 Amobii
484 4369 576 4434 libris
591 4379 765 4433 monstrosa
782 4371 880 4434 multa
895 4369 1062 4452 placuisse.
1103 4365 1230 4430 tandem

65 4461 235 4535 intellectum
268 4485 315 4538 est
339 4495 400 4537 non
424 4475 609 4554 honestum,
642 4472 700 4536 sed
722 4474 891 4536 scelestum
914 4471 977 4536 dici
1000 4471 1119 4535 debere
1142 4470 1230 4533 illum

63 4563 239 4656 locupletem.
286 4577 344 4643 sed
372 4579 497 4641 scelesti
526 4576 714 4641 vocabulum
745 4578 777 4640 in
808 4578 860 4641 illo
888 4577 942 4644 boc
969 4584 1013 4641 est
1042 4594 1105 4641 uon
1128 4582 1231 4657 potest
