3156 5132
489 415 659 474 Τικοτιιιυο
682 411 825 472 (imaus.
1177 392 1251 463 295

132 595 175 665 ότι
197 597 216 686 ἡ
240 605 321 686 γαλῆ
348 597 438 685 ἡνίκα
460 601 584 684 πολεμεῖ
606 595 678 684 πρὸς
700 591 782 685 όφιν,
812 595 946 683 πήγανον
969 595 1082 661 ἐσθίει·
1113 598 1199 659 τοῦτο

73 701 124 790 γάρ
146 701 252 791 φεόγει
274 700 289 768 ό
313 696 390 791 όφις.
438 703 483 769 ἔτι
505 703 538 768 δὲ
561 706 590 766 οί
611 696 695 790 όφεις
718 701 869 774 ἐσθίοντες
891 690 955 766 ἂπἸ
979 695 1120 784 ἀλλήλων
1136 699 1200 762 θα·
1263 704 1295 749 ²³

72 805 232 894 νοτηφόροι
254 808 323 874 εἰσί.
370 809 510 895 φοβεῖται
533 804 621 872 δὲτὸ
644 808 793 878 φιαλῶδες
813 810 866 870 τοῦ
889 799 1061 891 ἀνθρώπου.

129 915 175 986 ότι
201 919 253 985 καί
283 922 315 985 αί
345 922 477 1007 μυγαλαῖ
498 915 588 1004 ἡνίκα
610 913 771 1006 ἐγκύμονες
793 917 853 983 είεν
876 916 928 983 ἐὰν
953 913 1085 984 δάκωσιν
1107 911 1199 978 άναι-

70 1029 179 1109 ρουσιν.
1084 1059 1087 1064 ·
1215 1028 1230 1078 5

129 1123 176 1192 ότι
196 1124 248 1192 ἐάν
272 1127 347 1214 &M
371 1129 403 1192 ἐν
425 1130 490 1202 ταῖς
506 1124 742 1213 όιμαξευομέναις
758 1121 839 1198 δδοῖς
852 1121 919 1190 τινὰ
940 1120 959 1210 ἡ
984 1127 1115 1210 μυγαλῆ,
1141 1115 1200 1185 άπὸ

69 1235 116 1294 τοῦ
127 1235 224 1316 πηλοῦ
238 1237 292 1295 τοῦ
308 1233 340 1295 ἐν
352 1235 396 1316 τῷ
405 1237 507 1318 τροχῷ
518 1235 571 1316 τῆς
583 1225 698 1316 άροίξης
714 1224 913 1315 θεραπεύεται
928 1223 1021 1312 αὐτῆς
1035 1221 1068 1292 τό
1085 1228 1197 1311 δῆγμα.

128 1367 196 1428 κεφ.
224 1341 266 1427 μ’.
313 1340 379 1429 περί
409 1339 593 1416 ἀσπάλακος.
640 1337 687 1408 ότι
717 1337 854 1414 ἀσπάλαξ
888 1339 950 1406 ἐστὶ
979 1335 1075 1426 τυφλή
1105 1339 1198 1422 γαλῆ,
1212 1354 1285 1398 xxxx

66 1437 97 1516 δς
126 1441 183 1511 δπδ
212 1442 266 1532 τὴν
294 1451 350 1531 γῆν
371 1447 470 1533 ἕρπων
493 1447 590 1512 ἐσθίει
611 1441 664 1520 τὰς
687 1445 769 1533 ῥίζας
790 1449 850 1511 τῶν
873 1446 973 1530 φυτῶν
996 1442 1047 1508 καί
1070 1439 1200 1527 ξηραίνει

71 1544 154 1613 αότά.
202 1545 361 1636 άγρεόεται
390 1549 423 1614 δὲ
453 1546 533 1636 δόλῳ
560 1547 611 1614 καί
632 1550 748 1636 παγίσι.
795 1549 914 1634 λέγεται
936 1546 969 1612 δὲ
988 1545 1068 1612 εἶναι
1089 1540 1199 1616 Φινεδς
1223 1553 1253 1602 10

68 1651 115 1716 καί
138 1656 369 1740 μεταβληθῆναι
391 1655 434 1726 είς
455 1653 563 1740 θηρίον
585 1650 670 1742 χόλῳ
685 1660 737 1719 τοῦ
749 1652 867 1732 Ἡλίου,
889 1647 965 1716 ὥστε
980 1647 1031 1714 καί
1046 1645 1099 1714 ἐὰν
1115 1643 1197 1734 ὀφθῇ

69 1761 105 1842 τῷ
121 1753 232 1846 Ἡλίῳ,
258 1753 357 1822 οὐκέτι
380 1759 501 1845 δέχεται
524 1753 612 1823 αὐτὸν
635 1752 655 1842 ἡ
678 1761 731 1842 γῆ.

128 1893 196 1956 κεφ.
223 1864 287 1955 μα’.
333 1867 401 1956 περί
428 1869 572 1957 χερσαίου
600 1867 802 1955 κροκοδείλου.
848 1862 894 1932 ότι
921 1865 1061 1953 φοβεῖται
1082 1857 1098 1928 ‘o
1121 1881 1291 1947 κρο-κτκκι

71 1968 199 2046 κόδειλος
221 1969 272 2038 τὸν
294 1969 419 2060 κρόκον·
445 1975 561 2040 ἐκεῖθεν
584 1970 641 2060 γάρ
664 1969 697 2038 τό
719 1966 815 2057 ὄνομα
837 1971 913 2059 ἔχει.

128 2071 175 2140 ότι
195 2073 215 2161 ἡ
239 2073 348 2165 κόπρος
372 2074 464 2144 αὐτοῦ
488 2073 664 2164 όφθαλμοδς
687 2073 811 2163 ὠφελεῖ.
1220 2079 1251 2130 15

127 2173 174 2244 ότι
197 2177 328 2267 μάχεται
351 2181 483 2268 σκορπίῳ
505 2177 556 2246 καί
578 2177 614 2244 οό
637 2175 799 2267 βλάπτεται
820 2178 931 2243 ἐσθίων
955 2173 1081 2265 βοτάνην
1103 2170 1180 2240 τινά.

129 2317 197 2379 κεφ.
224 2289 284 2378 μβ.
330 2289 397 2380 περί
419 2292 621 2380 κροκοδείλου.
669 2287 714 2358 ότι
736 2294 764 2356 οί
779 2287 966 2378 κροκόδειλοι
980 2291 1011 2354 ἐν
1027 2284 1081 2354 δόο
1097 2283 1197 2372 μόναις
1209 2305 1305 2350 mxu

69 2399 206 2478 ποταμοῖς
229 2397 423 2483 διατρίβουσι,
449 2401 493 2482 τῷ
516 2394 618 2484 Νείλῳ
641 2394 691 2461 καί
712 2399 755 2483 τῷ
771 2391 923 2481 Ὑδάσπῃ.

129 2493 173 2564 ότι
202 2495 391 2586 κροκόδειλος
414 2499 551 2586 λέγεται,
584 2495 685 2586 λαβὼν
707 2495 740 2564 τό
763 2492 859 2584 όνομα
881 2503 933 2564 τοῦ
955 2496 1100 2585 χερσαίου
1122 2519 1198 2582 κρο-

71 2603 219 2683 κοδείλου,
250 2598 339 2689 ἢότι
368 2599 417 2668 τόν
448 2599 554 2690 κρόκον
586 2599 728 2677 δεδοικώς
755 2598 861 2690 φεόγει
882 2597 901 2688 ἢ
924 2597 978 2687 τήν
1002 2596 1093 2686 δοράν
1116 2599 1195 2686 ἔχων
1218 2609 1251 2660 20

71 2703 171 2790 κρόκου
194 2703 313 2792 ὁμοίαν.

131 2805 175 2874 ότι
195 2805 286 2894 ἡνίκα
308 2806 429 2888 δάκνει,
458 2805 688 2896 άντιπεπηγότες
711 2803 853 2893 ἀλλήλοις
876 2811 905 2874 οἱ
927 2805 1056 2886 όδόντες,
1080 2804 1133 2871 ἐάν
1158 2803 1198 2891 μή

73 2908 119 2995 τόν
140 2909 237 2999 σάρκα
260 2914 465 2992 συνεξέλιυσιν,
491 2911 545 2980 οὐκ
568 2911 823 2981 ἀπαλλάσσονται.

130 3011 173 3081 ότι
194 3020 247 3081 τοῦ
270 3012 351 3103 ζῴου
371 3015 475 3081 τούτου
493 3013 584 3101 μόνου
600 3013 619 3102 ἡ
636 3010 699 3082 άνιυ
714 3018 799 3102 γένος
815 3017 952 3094 κινεῖται,
968 3013 987 3100 ἡ
1004 3013 1037 3080 δὲ
1053 3009 1134 3078 κάτω
1149 3004 1195 3076 οό.

129 3113 173 3185 ότι
194 3121 315 3207 σίδηρος
337 3116 372 3186 οό
396 3121 523 3208 διαπερᾷ
544 3117 577 3187 τό
602 3123 697 3208 δέρμα
721 3117 823 3186 αὐτοῦ.
1217 3125 1250 3175 ²5

130 3217 174 3288 ότι
202 3225 234 3288 ἓν
265 3221 370 3289 ὀστοῦν
401 3221 501 3310 διήκει
530 3225 564 3288 ἐκ
591 3230 644 3310 τῆς
674 3219 766 3291 αότοῖι
795 3228 930 3312 κεφαλῆς
952 3223 1010 3295 ἕως
1031 3225 1084 3306 της
1107 3215 1198 3305 οόρᾶς

75 3323 119 3388 καί
138 3323 253 3414 κάμψαι
276 3321 367 3393 αότόν
390 3324 426 3394 οό
449 3323 584 3394 δόναται.

132 3423 175 3496 ότι
202 3427 399 3519 ἀλειφόμενος
429 3428 506 3519 ἀνὴρ
532 3432 611 3498 λίπει
633 3432 823 3520 κροκοδείλου
845 3435 928 3517 πηδᾷ
950 3432 993 3503 εἰς
1014 3425 1063 3494 τόν
1088 3426 1198 3492 Νεῖλον

76 3529 121 3594 καί
141 3530 258 3620 ἆγρεόει
282 3529 371 3601 αότόν
394 3537 497 3623 ἐπῳδῇ
522 3537 655 3624 στρέφων
679 3526 801 3601 ὕπτιον.Ι

130 3629 172 3702 ότι
198 3633 217 3723 ἡ
246 3633 323 3725 οόρά
353 3635 444 3704 αὐτοῦ
474 3635 574 3726 μακρά
602 3637 653 3705 καί
683 3635 783 3718 όξεῐα,
815 3640 846 3704 ἐν
869 3631 889 3726 ᾗ
912 3631 1057 3710 πολλάκις
1078 3629 1193 3700 τόπτυν
1212 3636 1288 3696 3οΝ

79 3743 190 3826 αναιρεῖ.

130 3837 172 3908 ότι
192 3849 302 3931 ταῦρον
325 3847 407 3912 ἕλκει
429 3848 471 3920 είς
493 3842 543 3912 τὸν
566 3844 699 3933 ποταμόν
721 3845 777 3939 καί
795 3845 958 3913 κατεσθίει.

80 3997 266 4014 ’‘Qu———n-

150 4128 170 4172 ι.
190 4125 235 4175 Ar.
256 4125 309 4175 Χθ
334 4139 359 4190 ρ.
375 4129 495 4176 own.
591 4130 615 4174 ο.
636 4125 692 4176 λεΙ.
713 4127 734 4175 ΙΙ
751 4131 791 4174 ³7.
885 4129 925 4174 λυ.
946 4121 1011 4175 εἶναι
1028 4119 1146 4191 σιφονεὺς
1165 4123 1199 4171 A:
1220 4135 1246 4170 v.

77 4205 131 4272 Opp.
144 4210 208 4276 Cyn.
226 4213 354 4262 umas.
375 4223 471 4261 verum
491 4213 591 4263 invenlt
609 4214 688 4262 ειΙοιπ
709 4212 742 4261 M.
834 4215 874 4261 λυ,
896 4208 1246 4260 conf.Plin.XXV111⁴08.

135 4299 173 4347 47.
193 4297 244 4348 hoo
268 4297 417 4362 capitulum
442 4303 469 4348 ει
493 4303 596 4363 πορίσαι
622 4299 741 4362 proxima
763 4297 844 4348 habet
863 4298 890 4346 Β.
987 4299 1026 4346 48.
1048 4293 1074 4346 ἐν
1092 4292 1128 4363 τῷ
1145 4293 1248 4343 utrobi·

77 4391 122 4440 que
137 4381 163 4433 B.
241 4381 538 4452 ἱν.ἢδτι-δμοίαν
557 4396 601 4433 om
621 4385 649 4434 B.
732 4388 773 4434 22.
795 4381 860 4452 δόκη
881 4383 907 4431 Β.
985 4380 1245 4434 Ξί.λίστοά.1168.

78 4464 360 4536 λΗΗρΛνΜθ.
438 4475 480 4520 15.
501 4467 727 4538 αὐτοϋτδδέρμα
745 4471 774 4522 Β.
855 4473 898 4520 2⁶.
918 4467 1000 4520 ἑκλι
1028 4464 1079 4522 ἀπὸ
1098 4468 1125 4517 B.
1198 4461 1247 4526 ἕως

82 4547 145 4618 ’νὺρᾶι
162 4555 187 4606 B.
275 4561 317 4608 29.
340 4555 428 4626 ἐπῳδῇ
447 4557 476 4618 Α,
497 4553 523 4607 ἐν
542 4555 602 4608 ποδὶ
619 4557 649 4612 Β,
