3156 5132
727 386 769 444 liv
793 405 888 446 ιιιιιιιιι
913 387 1123 446 ltenomuuasr.

561 594 644 635 rreum
666 581 710 636 cst
729 574 827 654 feroci
845 576 1031 654 plecteremur
1055 576 1174 636 Marte:

557 677 636 758 quod
658 679 688 738 si
707 679 775 757 qaus
799 676 952 739 interires
976 679 1059 739 loeus
1082 677 1156 738 mibi
1177 685 1284 749 restat,

558 781 631 840 deus
657 782 767 860 lbv'apo
790 781 984 842 ntentulotior
1005 799 1066 840 nore
1089 788 1142 842 est.

330 883 387 946 sed
411 893 544 963 quartus
568 903 679 944 versus
696 894 789 963 turpe
808 883 901 944 habet
918 884 1042 944 vitium.
1091 902 1163 944 narn
1182 881 1290 946 lelium
1307 886 1502 965 similiumque

329 987 513 1049 animalium
536 987 643 1048 oeulos
667 984 799 1048 tortasse
822 987 923 1066 possis
946 985 1043 1048 llavos
1065 985 1227 1068 adpellare
1257 989 1451 1068 (quamquam
1471 1007 1502 1048 ue
1561 973 1562 1020 ³

330 1091 388 1152 hoc
410 1090 539 1171 quidem
565 1089 695 1150 memini
718 1109 768 1149 me
794 1108 943 1169 umquam
968 1091 1108 1170 legere),
1135 1091 1296 1151 Minervae
1319 1101 1373 1153 aut
1394 1092 1502 1152 omnino

329 1193 381 1255 dei
407 1195 584 1256 hominisve
607 1192 688 1254 ocull
713 1212 775 1253 non
800 1193 840 1254 ita
863 1193 1015 1255 dicuntur
1031 1195 1151 1254 Latine.
1199 1193 1318 1255 eluitur
1333 1203 1432 1256 autem
1447 1212 1503 1254 ma·

329 1298 397 1359 cula
429 1299 516 1366 nullo
546 1297 690 1376 negotio:
724 1294 930 1358 scribendum
960 1307 1008 1358 est
1038 1297 1122 1357 enim
1147 1298 1289 1358 Μίιιιινιά
1311 1315 1386 1358 ravo
1407 1296 1503 1358 laniae

328 1407 382 1460 est.
430 1421 467 1462 eo
497 1401 602 1461 minus
629 1409 735 1461 autern
765 1398 805 1460 de
828 1398 1060 1460 emendationis
1082 1400 1217 1461 veritate
1240 1397 1445 1461 dubitandum
1464 1409 1504 1460 est

328 1523 391 1585 quo
414 1504 515 1583 magis
539 1503 639 1564 rarior
660 1522 722 1563 vox
746 1500 965 1582 depravationi
988 1501 1123 1564 obnoxia
1139 1502 1211 1564 luit.
1257 1501 1426 1586 depravata
1440 1520 1504 1562 vero

328 1608 520 1688 aliquotiens
543 1605 654 1668 eodem
678 1605 772 1685 plane
795 1616 844 1667 est
867 1603 958 1666 modo
982 1625 1044 1686 quo
1068 1605 1100 1665 in
1125 1605 1267 1686 Priapcio
1288 1605 1436 1667 carmine.
1477 1605 1502 1664 iu

329 1711 490 1772 Ciceronis
513 1709 640 1770 Lucullo
664 1706 759 1791 §⁴05
782 1709 857 1769 olim
887 1706 1089 1770 scribebatur
1117 1727 1205 1770 more
1234 1708 1313 1770 dlud
1340 1708 1417 1789 quad
1435 1727 1503 1768 ιιιιιιι

329 1816 461 1875 Fauonio
490 1821 632 1874 irascente
658 1830 851 1892 purpuream
880 1811 1002 1874 videtur
1031 1811 1110 1872 idem
1138 1811 1209 1874 baie
1230 1819 1335 1874 nostro
1358 1811 1500 1888 uidebr'tm,

328 1936 382 1980 acc
411 1924 511 1978 tamen
534 1916 739 1989 adsentietur,
772 1916 845 1994 quic
866 1913 1011 1976 nobismet
1034 1916 1108 1995 ipsis
1131 1915 1216 1977 auda
1239 1916 1412 1978 caeralmm
1434 1914 1503 1976 alte

328 2020 430 2095 batur,
445 2037 534 2082 neone
547 2018 674 2099 (lovum
708 2037 821 2080 verum
834 2017 1020 2080 vocabulum
1037 2017 1254 2100 suppeditavit
1265 2019 1385 2081 Nonius
1397 2040 1426 2099 p.
1441 2019 1500 2092 llil,

328 2143 458 2199 ravum,
487 2122 620 2203 futuam.
669 2123 772 2182 Cicero
796 2116 891 2181 dead.
918 2119 969 2182 lib.
989 2140 1033 2182 ιιιι
1068 2123 1158 2202 ‘attia
1187 2121 1333 2184 nobismet
1363 2123 1501 2203 ipsismet

327 2227 517 2301 aemilium,
554 2233 617 2287 tuin
648 2243 759 2285 roiam
789 2224 925 2302 uidetur,
962 2224 1097 2304 quodque
1125 2243 1208 2286 aureo
1236 2245 1256 2284 a
1284 2226 1348 2290 sole
1376 2223 1501 2288 collucet*
1561 2287 1562 2290 ,

327 2348 433 2410 neque
450 2329 635 2389 Ciceronem
658 2329 733 2390 olim
757 2328 788 2388 in
805 2327 966 2407 prioribus
981 2325 1181 2390 Academicis
1195 2327 1283 2390 eliud
1299 2347 1395 2408 quam
1411 2345 1501 2389 maun

269 2419 504 2511 esrscrip'sisse
535 2432 724 2512 optimorum
748 2449 829 2511 quae
859 2450 964 2512 nuper
993 2430 1121 2492 demum
1152 2450 1285 2496 excussa
1315 2441 1391 2494 sunt
1412 2449 1503 2492 exem-

330 2537 467 2616 plarium
490 2537 661 2596 auctoritas
677 2535 807 2596 evincit.
855 2537 976 2615 pariter
991 2553 1061 2596 curu
1078 2535 1226 2598 Horatius
1243 2537 1275 2596 in
1291 2534 1407 2597 lumbis
1423 2536 1458 2594 tt
1472 2534 1500 2594 tt

329 2640 511 2720 scripsisset
531 2637 659 2698 credula
680 2655 734 2698 nec
756 2655 849 2698 ravos
872 2639 997 2699 timeant
1019 2645 1159 2702 armento
1175 2637 1285 2712 leones,
1312 2636 1500 2718 depravatum
1561 2695 1562 2702 ,

329 2753 377 2804 est
399 2760 493 2803 ravos
517 2741 668 2821 instruas
691 2739 789 2820 idque
813 2741 845 2802 iu
870 2741 1032 2821 plerisque
1056 2738 1150 2803 libris
1173 2741 1300 2820 legitur.
1349 2760 1410 2804 non
1427 2751 1502 2821 puta·

329 2845 441 2908 bamus
470 2843 637 2927 postquam
668 2863 779 2907 verum
810 2841 998 2906 vocabulum
1020 2843 1185 2908 Bentlsius
1212 2863 1255 2906 cx
1277 2843 1370 2906 libris
1391 2841 1502 2908 Blandi·

329 2950 433 3010 niauis
457 2945 585 3010 reduxit
609 2945 674 3008 lore
699 2958 733 3010 ut
754 2948 865 3008 vitium
884 2956 1101 3029 repeteretur:
1128 2967 1240 3010 verum
1256 2956 1289 3010 et
1305 2947 1411 3010 inlotis
1426 2945 1502 3008 bodie
1561 2959 1562 2972 *

330 3053 419 3115 inulti
443 3051 592 3112 manibus
615 3051 733 3112 Horatii
757 3049 896 3113 carmine
921 3059 1054 3130 tangunt
1077 3061 1108 3112 et
1131 3050 1171 3114 de
1187 3049 1406 3114 lllaadinianis
1426 3049 1501 3111 libris

328 3173 482 3236 perverse
513 3153 642 3234 quidam
674 3154 826 3216 iudicant.
874 3155 1049 3216 torminum
1081 3153 1162 3217 libro
1179 3173 1212 3216 ιιι
1230 3151 1306 3214 273
1339 3173 1417 3216 raca
1443 3153 1500 3230 lupa
1561 3169 1562 3234 ζ

328 3257 368 3320 ab
397 3257 545 3318 omnibus
579 3257 719 3319 librariis
748 3267 932 3319 conservata
962 3267 1020 3318 est.
1073 3257 1246 3338 Porphyrio
1282 3255 1326 3318 ibi
1359 3257 1431 3320 haec
1454 3252 1501 3314 atl-

328 3361 467 3440 scripsit,
493 3379 574 3422 roca
587 3361 663 3441 lupa
678 3381 698 3420 a
713 3361 811 3422 calore
824 3360 958 3434 dicitm·‚·
982 3359 1086 3424 Acron
1104 3360 1211 3440 inepta
1227 3358 1406 3437 admiscuit,
1424 3376 1497 3419 raro.

324 3464 415 3544 falco
443 3466 507 3524 sicr
528 3463 695 3546 sabnrpro,
726 3471 782 3526 aut
803 3483 901 3526 rauca
924 3463 955 3524 id
974 3470 1021 3524 est
1044 3465 1124 3526 occis
1146 3462 1290 3526 obtusae:
1320 3481 1416 3525 rutvcs
1435 3461 1499 3522 asin
1561 3441 1562 3504 ἶ

327 3567 408 3628 color
437 3567 550 3628 dieitur
579 3568 666 3650 cipri·
689 3569 806 3628 retemtas
828 3585 896 3627 erent.
916 3565 1012 3646 [illuc.
1061 3575 1202 3628 ceterum
1227 3585 1334 3628 ravam
1359 3565 1455 3646 lupam
1474 3569 1499 3620 el

328 3688 419 3732 ravos
442 3671 550 3732 leones
572 3669 633 3732 dici
657 3679 734 3752 puto
756 3689 819 3730 non
844 3679 974 3749 propter
998 3669 1102 3749 pellis,
1127 3669 1183 3734 sed
1206 3679 1341 3749 propter
1360 3667 1519 3732 oculorum·

327 3774 464 3834 colorem
486 3773 633 3834 similiter
654 3783 749 3852 atque
772 3768 902 3857 χαροποὶ
925 3770 1042 3842 λέοντες
1064 3773 1094 3836 in
1111 3772 1253 3854 Odyssea
1271 3791 1299 3839 ιι
1317 3773 1373 3832 ott
1395 3781 1421 3832 et
1435 3765 1498 3829 alibi

328 3876 490 3937 dicuntur.
538 3875 727 3938 Philoxenus
750 3894 848 3936 rames
870 3869 1022 3960 χαροπός,
1048 3886 1084 3938 ut
1108 3885 1193 3938 recte
1216 3875 1387 3940 Vulcanius
1407 3889 1499 3934 emen·
1561 3911 1562 3966 3

328 3980 415 4041 davit
437 3979 523 4060 quod
546 3981 699 4059 seriptum
723 3989 790 4042 erat
813 3974 936 4062 καρπός.
985 3978 1123 4060 (lyrillus
1138 3971 1282 4064 χιιριιιπός
1297 3980 1422 4048 caesata,
1444 3973 1498 4034 lar-

327 4103 403 4161 aus,
441 4103 497 4164 pro
527 4102 589 4162 quo
632 4093 716 4144 reete
752 4079 898 4144 scribunt
934 4099 1043 4144 rauus.
1091 4081 1204 4146 Paulus
1234 4103 1266 4163 p.
1293 4081 1355 4144 272
1378 4082 1413 4142 tl.
1441 4075 1499 4137 ruti

327 4187 436 4250 coloris
466 4187 662 4268 appellantur
690 4187 744 4266 qui
768 4192 840 4248 sam
861 4186 941 4246 inter
961 4185 1059 4265 tlaaos
1080 4192 1107 4246 rt
1130 4188 1264 4260 caesios,
1296 4203 1369 4266 arios
1393 4183 1497 4244 Ριαιιιιιι
1561 4189 1562 4210 ³

327 4291 463 4371 appellat
483 4289 676 4351 ravistellus:
703 4290 800 4369 ‘quv's'
826 4291 921 4370 inquit
947 4287 1035 4350 ‘boec
1050 4295 1093 4350 est
1108 4289 1219 4356 mehr
1232 4295 1261 4350 ct
1277 4288 1328 4350 ille
1343 4281 1496 4348 ravistellus
1561 4301 1562 4328 1

327 4396 380 4474 qai
401 4395 517 4455 veititt'
542 4413 582 4454 ex
605 4391 723 4473 quibus
741 4393 824 4454 Pauli
851 4391 959 4454 verbis
981 4410 1044 4455 non
1062 4401 1127 4456 tuto
1150 4391 1278 4472 colligas
1292 4384 1495 4450 llnvosoculos
1561 4439 1562 4472 ἒ

327 4496 532 4560 avctoribus
560 4497 660 4557 dietus
689 4489 769 4561 esse.
817 4497 927 4558 Festus
948 4517 982 4576 p.
1002 4488 1079 4557 272δ
1102 4495 1234 4558 ravillae
1256 4515 1277 4557 a
1302 4495 1383 4554 racis
1402 4487 1490 4550 caelis.
1561 4485 1562 4528 t
