3156 5132
351 431 425 503 318
745 445 788 506 Ex
811 463 906 507 uam
925 427 1139 506 ¹lieuoumuusr.

350 643 519 696 excusatur
542 633 738 698 invocatione
762 635 814 697 vel
829 632 1069 712 exclamatione,
1094 641 1164 714 post
1180 649 1275 712 qnam
1291 649 1351 692 vox
1365 631 1507 712 paullisper

349 737 538 800 sustinetur.
585 737 747 798 consimile
782 738 877 819 plane
907 737 1088 817 exemplum
1119 737 1150 796 iu
1182 735 1303 798 eisdem
1330 735 1508 814 anapaesticis
1567 729 1568 768 l

351 842 492 902 numeris
514 837 648 920 praebet
670 839 834 920 Sophoclis
856 839 999 920 Oedipus
1022 839 1176 902 Coloneus
1200 857 1230 898 v.
1251 839 1324 917 ⁴88,

643 933 698 1026 ἄγε
721 944 773 1006 νῦν
796 937 832 1006 orl
856 965 904 1026 με,
928 942 996 1020 παῖ,

642 1041 683 1112 ἵν’
711 1038 747 1110 ἂν
771 1039 907 1131 εὐσεβίας
929 1043 1131 1130 ἐπιβαίνοντες

640 1144 674 1214 τὸ
697 1146 750 1232 μὲν
773 1144 917 1232 εἴποιμεν,
942 1143 977 1213 τὸ
999 1143 1028 1212 δ’
1057 1143 1253 1232 ἀκούσαιμεν,

642 1247 693 1315 καὶ
716 1247 757 1336 μὴ
780 1250 870 1338 χρεία
890 1253 1081 1336 πολεμῶμεν.

351 1368 383 1419 et
406 1357 505 1438 magis
524 1355 569 1417 ibi
585 1357 733 1418 cohaeret
748 1358 846 1418 oratio
862 1375 957 1436 quam
974 1357 1006 1418 iu
1024 1355 1199 1436 Euripidiis
1216 1353 1376 1418 versibus.
1419 1349 1514 1414 deiude
1565 1412 1566 1440 3

351 1460 508 1522 Nauckius
531 1452 723 1542 ἀστεροειδέα
745 1458 919 1520 delendum
938 1479 1007 1521 csse
1023 1460 1213 1540 suspicatur,
1239 1477 1344 1539 neque
1361 1476 1437 1538 nego
1450 1457 1515 1516 inse
1565 1469 1567 1526 ζ

352 1549 468 1625 lentius
491 1562 611 1625 dictum
635 1582 723 1641 esse,
757 1553 932 1625 cuneata
955 1561 1077 1646 αἰθέρος
1100 1563 1193 1642 plena
1217 1561 1348 1641 quidem
1371 1561 1431 1623 sint
1449 1557 1516 1620 side
1564 1542 1567 1607 ,¹

352 1667 452 1746 ribus,
478 1664 534 1728 sed
558 1683 620 1727 uon
643 1667 783 1747 speciem
800 1665 849 1726 vel
866 1666 1109 1728 similitudinem
1125 1684 1233 1727 eorum
1251 1664 1400 1726 habeant.
1436 1662 1516 1722 firmat

265 1829 268 1836 .
351 1780 456 1832 tamen
488 1769 573 1831 illam
604 1789 713 1831 vocem
743 1768 884 1830 scholion
914 1768 1151 1848 Theocriteum,
1186 1771 1218 1830 in
1248 1787 1312 1849 quo
1341 1768 1404 1830 leui
1432 1783 1516 1828 errore

353 1865 530 1957 ἀστροειδέα
552 1873 706 1954 scriptum
731 1880 789 1934 est.
838 1873 962 1932 lirmant
985 1871 1080 1933 ctiam
1103 1873 1198 1935 Ennii
1223 1891 1338 1933 versus
1360 1871 1440 1952 apud
1457 1870 1518 1930 l'ar-

354 1963 461 2038 rodem
491 1974 531 2037 de
561 1975 668 2056 lingua
691 1977 831 2036 latinae
855 1996 885 2057 p.
905 1976 944 2036 29
962 1975 1031 2055 Sp.,
1064 1994 1143 2054 quos
1166 1994 1278 2037 versus
1300 1974 1343 2037 ad
1364 1973 1517 2036 Androne

353 2078 425 2140 dam
455 2079 549 2140 Ennii
580 2079 732 2159 losephus
754 2079 896 2159 Scaliger
926 2079 1102 2140 rectissime
1132 2079 1270 2156 rettulit,
1305 2078 1457 2139 immerito
1479 2093 1518 2135 re
1568 2091 1569 2134 ι

353 2180 532 2262 prehensus
553 2199 571 2242 a
594 2180 757 2242 Gerhartlo
779 2183 886 2242 Vossio
918 2182 949 2242 iu
981 2181 1246 2261 Castigationibus
1269 2202 1302 2260 p.
1324 2181 1374 2244 ta.
1421 2179 1517 2241 Ennius
1568 2215 1569 2218 =

355 2285 451 2364 igitur
474 2285 514 2346 ite
540 2283 631 2363 dixit,

646 2406 722 2469 qaae
745 2405 823 2450 cotra
844 2388 923 2450 eceli
943 2386 1190 2472 signiteoeutibus

645 2491 763 2571 conficis
789 2489 875 2574 bigis.

354 2596 380 2656 si
403 2594 611 2678 sipeiteoeutr'a
634 2594 831 2674 scripsisset,
864 2596 1040 2657 accuratius
1063 2595 1204 2658 imitatus
1227 2605 1310 2656 esset
1334 2591 1513 2674 Euripidem

354 2697 410 2760 sed
435 2696 564 2759 videtur
585 2695 666 2759 νῶτα
689 2697 729 2758 de
753 2716 907 2777 equorum
932 2697 1024 2760 dorso
1048 2698 1261 2778 intellexisse,
1287 2695 1463 2760 excusando
1483 2711 1518 2754 er-

355 2819 425 2862 rore
454 2800 615 2884 similique
645 2799 716 2860 aliis
744 2819 823 2880 quos
846 2802 947 2862 Latini
971 2803 1003 2863 iu
1027 2801 1218 2865 Graecorum
1241 2802 1421 2864 carminum
1441 2802 1520 2861 intor-

354 2905 532 2984 pretatione
555 2903 796 2979 commiseruut3
823 2916 909 2966 certe
932 2903 974 2966 ad
996 2903 1085 2986 bigas
1101 2906 1266 2987 epitheton
1282 2904 1451 2967 transtulit.
1482 2917 1521 2960 oe

354 3016 457 3069 tarum
486 3006 732 3090 arpoitenmtibus
762 3006 840 3068 illud
871 3008 1014 3070 llatthias
1043 3008 1206 3071 Gesnerus
1236 3011 1268 3071 in
1290 3010 1448 3072 Thesauro
1474 3021 1520 3065 nou
1567 3033 1568 3094 t

356 3121 441 3172 recte
466 3111 507 3171 ita
531 3111 671 3190 exponit,
700 3110 749 3172 ‘id
766 3122 814 3173 est
829 3112 918 3192 signa
936 3106 1231 3192 percurrentibus?
1259 3131 1332 3174 nam
1350 3111 1402 3174 illa
1417 3123 1521 3172 cursum
1567 3111 1568 3120 ’

355 3213 485 3276 tenendi
508 3213 735 3293 signification
759 3217 918 3295 conposito
942 3216 1094 3278 vocabulo
1107 3217 1211 3278 aliena
1227 3228 1286 3279 est.
1336 3209 1523 3290 immosigui-

356 3326 503 3379 tenentes
531 3317 623 3398 bigae
652 3317 801 3379 similiter
831 3318 982 3380 dicuntur
1007 3329 1103 3400 etque
1125 3319 1272 3382 huualix
1300 3319 1343 3401 (v.
1361 3321 1422 3380 ata
1438 3313 1520 3390 l'ahl.)

356 3419 427 3482 hinc
448 3421 520 3482 Nooe
539 3421 687 3502 processit
709 3421 803 3483 stellis
826 3420 1004 3483 ardentibus
1027 3430 1110 3505 opto,
1135 3421 1317 3504 hunalique
1334 3442 1382 3486 ιιι
1411 3423 1447 3502 [r.
1461 3417 1520 3478 tto

313 3525 428 3586 saNoae
454 3525 574 3606 quondo
603 3523 709 3586 mediis
732 3525 827 3607 sipnt's
846 3527 1025 3606 praecincto
1047 3525 1170 3588 volabit.
1217 3515 1417 3612 οἰστεροειδέαΙ
1437 3531 1524 3584 autem

355 3626 435 3690 illud
458 3647 495 3690 eo
518 3629 622 3690 miuus
645 3629 723 3688 mibi
748 3628 877 3690 videtur
900 3648 969 3692 esse
991 3629 1222 3693 sollicitandum
1239 3650 1302 3712 quo
1317 3631 1418 3712 magis
1431 3639 1525 3688 vereor

355 3751 407 3812 ne,
433 3732 460 3794 si
483 3732 642 3812 conposita
666 3732 857 3812 tragicorum
880 3731 1037 3795 adiectiva
1060 3735 1163 3798 omnia
1186 3735 1228 3797 ad
1248 3737 1358 3797 vivum
1375 3726 1524 3798 resecanda

355 3855 426 3897 esse
449 3853 653 3915 censeamus,
682 3834 822 3915 aliquam
845 3836 943 3898 multa
965 3835 1057 3898 nobis
1081 3836 1229 3900 mutanda
1253 3839 1318 3900 sint
1341 3849 1395 3901 aut
1415 3847 1525 3918 prorsus

355 3937 503 4002 delenda.
551 3940 657 4019 itaque
681 3937 828 4001 dabimus
850 3939 972 4020 aliquid
995 3951 1159 4020 poetarum
1182 3941 1324 4004 libertati
1348 3939 1524 4023 putabimus·

355 4060 418 4121 que
441 4040 628 4121 Euripidem
656 4036 849 4126 ἀστεροειδέα
879 4044 961 4104 νῶτα
990 4042 1110 4107 dixisse
1127 4064 1211 4106 ¹cum
1241 4045 1340 4106 vellet
1367 4037 1524 4126 ἀστερόενῖτι

356 4144 406 4206 vel
429 4137 588 4230 decapulbrp
611 4147 765 4226 intellegi.
813 4147 876 4207 scio
893 4145 1082 4208 Lohecltlum
1106 4149 1137 4208 iu
1155 4149 1333 4230 Pathologia
1348 4146 1450 4211 Graeci
1467 4157 1524 4202 ser·

356 4249 519 4310 mouisti
536 4269 567 4330 p.
584 4249 694 4311 l58ss.
713 4249 753 4312 de
770 4242 851 4333 ὥδης
867 4260 897 4311 et
913 4243 1014 4332 οειδής
1030 4251 1202 4313 formarum
1217 4251 1400 4314 discrimine
1414 4243 1524 4328 egregie

356 4350 552 4432 disputasse:
578 4352 636 4415 sed
659 4354 894 4434 grammaticam
919 4352 1125 4416 subtilitatem
1149 4355 1394 4436 saepeneglexit
1410 4348 1525 4412 liberior

355 4463 450 4535 atque
474 4455 623 4518 audacior
645 4455 836 4518 Graecorum
861 4467 1022 4538 poetarum
1047 4459 1155 4520 oratio.

442 4559 479 4618 ll.
511 4559 587 4637 Diu,
621 4560 706 4640 quod
735 4579 836 4640 paene
861 4563 1006 4638 mireris,
1040 4562 1320 4644 reprehensionem
1344 4553 1523 4631 nolendique
