3252 5130
651 367 848 431 Anssnstsu.

154 556 293 619 Thebais
313 575 333 617 u
356 557 418 618 298

570 667 713 743 staqnant
735 660 894 742 niqronlia
916 659 982 722 tabo

364 764 509 844 qramina
531 764 773 846 sanquineisorn
792 783 916 825 uerene
936 765 1067 826 tentoria
1089 766 1177 828 rivis.

362 864 465 946 sumat
484 866 594 928 humus
616 868 770 948 somnique
794 873 822 930 et
843 868 949 929 mortis
972 867 1123 931 anhelitus
1146 887 1211 930 una

365 969 499 1032 volvitur

169 1139 174 1150 ,
289 1073 466 1157 sanquineis
487 1080 597 1136 numnl
617 1071 720 1152 vulgo,
744 1073 870 1153 fluitant
890 1072 1058 1136 Bentleius.

247 1211 296 1274 Vl.
322 1211 445 1272 Tacitus
467 1208 539 1272 dial.
566 1211 607 1272 39
637 1229 727 1292 saepe
749 1213 918 1293 inlerroqal
947 1211 1043 1273 iudeus
1071 1211 1191 1292 quanda
1219 1214 1351 1294 incipias

160 1321 190 1375 et
212 1331 253 1376 esc
274 1315 508 1397 interroqatione
529 1315 594 1376 eius
617 1313 822 1395 incipiendum
845 1321 903 1394 cst,
926 1313 1103 1395 frequenter
1117 1313 1349 1396 probationibus

159 1425 190 1479 et
212 1416 333 1480 testibus
356 1418 508 1479 silentium
529 1437 695 1479 incensus
716 1417 831 1478 indicit.

291 1520 411 1582 codices
430 1528 593 1601 patronus,
618 1518 893 1582 Weissenbornius
916 1521 1112 1600 inportunus,
1136 1521 1188 1582 alii
1211 1521 1282 1583 elin.

248 1639 309 1700 Vll.
334 1639 483 1720 Apuleius
505 1641 655 1702 Metam
676 1640 695 1699 5
719 1658 773 1701 nec
788 1657 841 1702 vos
856 1641 986 1702 alcuius
1008 1637 1183 1702 dubitabitis
1206 1643 1235 1702 si
1258 1641 1350 1704 ibes-

159 1744 274 1806 saliam
298 1745 476 1825 proscissam
505 1745 654 1806 civilatem
682 1743 886 1824 perveneritis
914 1742 992 1824 quon
1022 1741 1129 1804 ibidem
1153 1746 1273 1824 passim
1291 1764 1351 1826 per

160 1866 220 1908 ora
239 1846 346 1928 populi
367 1865 465 1909 sermo
486 1866 638 1909 rannerus
661 1864 739 1928 quae
757 1846 867 1927 palam
888 1853 975 1928 qesla
997 1854 1079 1908 sunt.

293 1947 390 2011 codex
412 1951 552 2012 iactetur.

206 2089 228 2130 u
252 2071 292 2132 27
316 2071 449 2132 occurrit
470 2090 613 2132 eunucus
633 2068 757 2149 qnidam
779 2076 913 2132 maestus
932 2071 963 2130 in
983 2069 1117 2132 lacrimis
1133 2070 1281 2151 qeuialem
1296 2090 1352 2133 ca-

293 2175 396 2235 nitiem
418 2172 566 2235 revellens
588 2189 695 2235 senece.

293 2274 390 2338 codex
413 2276 573 2338 aellsotus.

206 2417 227 2458 v
252 2399 270 2456 6
294 2405 321 2459 el
343 2397 510 2478 inprimens
533 2396 637 2459 oscula
657 2398 802 2459 suasoria
826 2403 855 2458 el
876 2397 1016 2479 inqerens
1040 2395 1134 2458 verba
1148 2397 1310 2460 mulcentia
1325 2407 1354 2461 et

294 2503 420 2582 iunqens
443 2499 578 2562 membra
602 2520 784 2562 correnum
808 2498 881 2561 baec
903 2501 994 2560 etiam
1022 2499 1179 2562 blanditiis
1202 2499 1348 2562 adstruit.

292 2602 458 2665 cohibentia
480 2620 585 2682 margo
608 2623 628 2664 r
647 2611 678 2664 et
700 2625 732 2685 q,
759 2603 896 2664 cosentia
918 2623 945 2664 r.

206 2743 235 2786 u
259 2726 298 2788 26
322 2721 478 2786 comitibus
507 2721 632 2784 adscitis
662 2723 715 2804 qui
744 2721 900 2783 vrllnerati
926 2730 1144 2784 remanserunt
1164 2723 1279 2786 dudum
1301 2743 1353 2786 re-

294 2834 424 2889 norruut
447 2845 617 2888 susurrum
641 2845 763 2902 reunsi,
796 2832 830 2885 ut
859 2823 997 2904 aiebant,
1028 2832 1152 2887 noslrae
1180 2826 1349 2890 tarditatis.

294 2929 392 2992 codex
414 2929 543 2991 relatori
565 2927 674 3006 taedio,
700 2927 875 3007 apographa
898 2927 1032 2989 relaturi
1054 2928 1166 2990 laedio.

207 3070 249 3112 vu
273 3051 307 3110 nl
336 3058 369 3111 ul
397 3067 539 3131 quemque
568 3049 647 3110 euim
669 3049 816 3110 viatorem
840 3046 1183 3130 suanensis-furens
1207 3051 1352 3115 incurrit.

294 3153 392 3216 codex
412 3153 609 3234 prospeoeeril

208 3293 260 3338 uu
283 3275 303 3334 5
327 3276 399 3356 quin
422 3273 505 3334 ociils
528 3271 765 3354 indipiseimur?
798 3291 928 3353 escape
942 3272 1126 3335 venabulum
1143 3282 1171 3335 et
1193 3291 1243 3356 eqo
1266 3293 1351 3338 sumo

293 3379 441 3440 lanceam.

294 3479 453 3558 codexet,
479 3479 625 3542 Heinsius
648 3480 660 3540 i
682 3497 756 3560 cape
778 3477 974 3558 venabulum,
1000 3497 1036 3540 eu
1059 3498 1110 3562 eqo

208 3621 261 3663 viu
285 3603 325 3663 29
351 3603 527 3683 passimque
555 3597 737 3681 circumfusi
770 3597 920 3660 nudatum
950 3600 1187 3681 supinatumque
1215 3602 1354 3663 iuvenem

295 3703 482 3766 euecrandis
505 3701 610 3765 oribus
633 3722 834 3764 suricinium

296 3805 394 3869 codex
413 3804 606 3888 llaqilabanl.

209 3943 242 3989 ix
270 3929 281 3988 l
312 3949 359 3990 sic
379 3926 477 3990 astulo
500 3933 660 3989 commento
682 3925 789 3986 scitule
811 3926 956 3988 munitus.

295 4030 393 4093 codex
415 4030 474 4092 lu'c.

252 4151 329 4212 Vlll.
355 4150 563 4212 Tertullianus
586 4147 659 4211 cdv.
683 4148 815 4228 gentiles
837 4149 878 4209 35
913 4149 965 4210 ‘de
993 4151 1107 4212 noslris
1135 4153 1227 4214 annis
1256 4174 1358 4215 nnnsr

164 4254 222 4318 tibi
251 4255 390 4336 luppiter
419 4252 538 4314 annos.’
581 4253 635 4314 boc
656 4251 844 4314 chrestianus
874 4259 936 4314 tam
966 4255 1127 4316 enuntiare
1157 4256 1241 4316 novit
1261 4275 1355 4338 quarn

165 4358 203 4420 de
225 4376 302 4420 novo
327 4357 460 4419 Caesare
482 4364 599 4438 aptare.

254 4469 366 4543 auqeal
388 4458 490 4540 vulgo.
516 4459 688 4522 versiculus
711 4467 767 4521 est.
