3252 5130
575 409 795 470 Communes.
1206 386 1280 459 589

92 597 161 678 (sor.
181 597 224 679 in)
240 596 354 678 seram,
380 599 581 679 quoniamque
602 605 688 660 vates
705 596 789 658 illius
804 595 922 659 solvere
937 613 997 656 non
1010 599 1131 674 poterat
1144 591 1275 666 Dianae,

86 702 220 762 nomines
248 721 285 762 ea
317 702 458 762 carmina
485 720 546 762 non
573 701 770 782 intelliqenles
798 699 922 760 iverant
954 697 996 758 ad
1026 693 1171 773 naiades,
1202 711 1281 775 quae

86 803 215 866 naiades
244 803 402 866 solverunt
431 803 495 866 illa.
543 804 630 866 illum
657 803 727 885 [sor.
755 801 850 878 illam)
877 807 978 862 aulem
1005 805 1104 861 uatem
1126 798 1180 880 qui
1207 797 1277 876 (scr.

86 905 171 988 quae)
206 907 324 968 solvere
353 925 413 968 aon
443 907 542 989 potuit
570 905 804 989 praecipitanda
838 903 1023 965 occiderunt.
1068 899 1150 962 unde
1176 901 1280 960 Diana

87 1011 171 1072 irata
191 1011 275 1072 mail
296 1009 338 1071 od
360 1010 484 1072 illorum
506 1010 636 1072 emiliam
658 1007 815 1090 quandam
844 1006 955 1087 feram.
989 1004 1038 1066 uel
1061 1007 1125 1082 ita,
1151 1001 1279 1064 naiades

86 1113 244 1174 solverunt
261 1112 419 1194 problema
441 1110 590 1194 Apollinis
619 1111 698 1195 quod
726 1118 811 1174 uates
833 1112 953 1172 Dianae
979 1127 1040 1169 non
1064 1109 1162 1188 potuit
1184 1107 1280 1168 inter-

84 1218 216 1296 pretari.
256 1216 338 1278 unde
351 1213 444 1278 Aonii
461 1218 537 1280 irati
547 1217 833 1298 praecipitaverunt
847 1233 924 1292 eant,
946 1220 974 1274 et
997 1211 1060 1274 idco
1076 1212 1180 1272 Diana
1196 1211 1279 1272 irata

87 1321 166 1382 misit
188 1319 314 1382 bestiam
341 1319 497 1382 Thebanis.
545 1327 631 1382 vates
658 1317 772 1380 dicitur
799 1317 914 1380 Tbemis
942 1313 1105 1398 (Themidis
1115 1314 1139 1395 l)
1165 1312 1274 1393 faisse.

87 1423 133 1484 vel
156 1423 223 1484 ideo
246 1423 359 1485 dicitur
381 1423 461 1505 quod
484 1425 579 1486 iacuit
596 1422 804 1504 praecipitata
824 1422 898 1502 quia
920 1426 948 1480 ct
976 1419 1058 1500 (quia
1080 1415 1190 1500 quedl)
1218 1435 1278 1477 non

84 1535 186 1606 posset
207 1527 326 1588 solvere
354 1545 432 1608 quac
460 1526 589 1588 naiades
618 1524 852 1588 elucidaverunt
873 1523 1018 1585 derelicta
1048 1528 1102 1583 csl.
1149 1517 1280 1582 Actenus

86 1637 112 1689 et
133 1631 231 1691 tacuit
256 1627 307 1710 (ιιι
324 1629 411 1712 79t).
459 1631 554 1692 tacuit
575 1629 623 1690 bic
645 1629 719 1709 quia
738 1627 849 1708 puduit
871 1627 972 1705 dicere
994 1625 1030 1686 de
1061 1623 1277 1704 intellectione.

86 1731 138 1793 sed
162 1733 278 1794 Pltocus
300 1736 394 1816 coepit
414 1752 482 1794 mim
504 1751 651 1795 narrare.
686 1731 835 1792 Carmina
857 1729 995 1792 naiades.
1029 1725 1178 1811 quaedam
1193 1733 1278 1787 votes

87 1833 200 1896 dicitur
219 1834 318 1916 fuisse
344 1835 460 1898 Themis
487 1835 559 1916 (sor.
588 1833 743 1912 Themidis]
773 1833 847 1895 deae
875 1851 952 1913 quac
981 1830 1209 1893 vaticinabatur
1238 1829 1281 1890 ita

87 1937 218 2000 obscura
241 1937 335 2000 verba
356 1938 435 2022 quod
456 1958 517 2000 non
536 1944 679 2020 poterant
701 1935 843 2017 intelleqi.
890 1934 947 1996 bae
969 1934 1005 1996 de
1032 1953 1127 1996 causa
1147 1932 1281 2014 populus

87 2049 249 2103 commotus
267 2042 483 2121 praecipitavit
501 2039 679 2122 praefatam
701 2045 812 2100 uatem.
859 2036 940 2099 unde
961 2037 1020 2100 dea
1039 2037 1166 2114 Themis,
1193 2035 1280 2097 cuius

87 2152 152 2206 erat
175 2144 355 2222 illocales,
388 2145 439 2204 ira
469 2145 626 2206 stimulata
654 2143 686 2203 in
712 2139 855 2221 partibus
885 2141 947 2202 illis
975 2140 1029 2201 ubi
1055 2137 1214 2218 interfecta
1237 2145 1282 2200 est

87 2253 169 2308 votes
199 2245 320 2307 beluam
345 2246 535 2326 pestilentiae
561 2243 785 2329 (pestilenteml)
819 2244 947 2305 inmisit.
994 2251 1022 2305 et
1050 2243 1117 2305 licet
1145 2240 1281 2302 dixerim

87 2349 231 2428 superius
260 2348 346 2410 illam
374 2356 474 2410 uatem
502 2347 628 2410 obscure
647 2347 813 2426 protulisse
836 2347 997 2422 vaticinia,
1030 2353 1130 2408 tamea
1152 2343 1281 2406 naiades

87 2453 239 2512 venientes
271 2452 489 2532 interpretatae
516 2457 588 2512 suat
616 2451 759 2512 carmina
789 2450 872 2512 illius
902 2468 963 2510 non
993 2449 1142 2512 intellecta
1172 2446 1210 2509 ab
1233 2448 1282 2508 in-

86 2555 181 2634 qeniis
202 2553 401 2634 populorum,
438 2554 705 2634 interpretatatum
734 2553 802 2614 licet
823 2553 912 2614 nuile.
960 2550 1119 2632 opinando
1148 2551 1201 2610 vel
1223 2570 1281 2630 po-

88 2656 149 2717 tius
178 2655 365 2718 mentiendo
395 2656 599 2736 Manogaldus
628 2675 664 2716 eo
694 2674 797 2734 usque
821 2673 1011 2735 progressus
1039 2663 1087 2714 est
1114 2663 1151 2714 ut
1173 2655 1281 2735 inepta

87 2760 266 2839 aenigmata
294 2759 508 2840 confingeret,
534 2778 630 2838 quae,
656 2767 693 2820 ut
715 2757 865 2838 adparet,
902 2756 943 2818 ed
976 2756 1105 2837 Cephali
1144 2756 1282 2818 iaculum

88 2879 263 2941 canemque
280 2863 413 2924 rettulit.
461 2860 546 2924 idem
562 2859 765 2941 Manogaldus
781 2869 1036 2922 conmemoratur
1050 2868 1143 2920 antea
1159 2878 1191 2940 p.
1211 2852 1278 2938 bill,

89 2963 142 3024 ubi
167 2965 246 3026 haec
268 2966 385 3046 scripto
408 2975 493 3042 sunl,
522 2965 617 3027 Galea
639 2971 702 3025 tum
725 2964 818 3024 sumit
840 2981 919 3024 aena
946 2965 1008 3038 (ιιιι
1033 2961 1118 3042 lul).
1168 2978 1281 3024 secun-

89 3065 158 3128 dnm
181 3067 418 3149 Manoqaldum‚
451 3068 503 3149 qui
524 3087 584 3129 uon
607 3066 672 3128 cult
694 3065 791 3128 allam
814 3066 977 3148 diplonqon
1000 3065 1141 3126 Latinam
1171 3061 1279 3138 diuidi,

90 3168 175 3230 alind
198 3187 306 3230 nomen
335 3178 380 3231 est
408 3188 499 3232 cneus
527 3177 555 3231 et
577 3168 664 3230 aliud
693 3187 806 3230 aeneus
835 3176 862 3230 et
884 3169 993 3248 eripies
1021 3165 1092 3248 (sor.
1119 3165 1227 3246 eripes]
1255 3173 1283 3226 et

90 3274 221 3352 aeripies
249 3271 319 3350 (scr.
335 3273 463 3354 acripes)
491 3279 519 3334 ct
540 3273 584 3334 sic
604 3273 694 3332 etiam
718 3272 749 3332 in
765 3269 982 3332 consimilibus.
1016 3268 1156 3350 denique
1172 3289 1205 3349 p.
1224 3262 1281 3329 77¹³

91 3373 164 3435 haec
194 3373 356 3453 leguntur.
406 3375 501 3437 Poscit
529 3392 618 3456 equos
646 3373 781 3456 tantique
810 3375 909 3454 operis
938 3371 975 3453 (ιι
997 3372 1087 3454 ΞΗ).
1134 3371 1280 3432 Hercules

86 3477 200 3559 pepiqit
221 3495 310 3557 equas
333 3477 542 3539 Laomedontis
564 3478 594 3538 si
617 3477 715 3556 filiam
743 3478 831 3537 iussu
853 3477 988 3557 Neptuni
1009 3476 1180 3556 inpositam
1207 3472 1282 3534 libe—

91 3587 185 3642 raret.
233 3579 363 3641 liberata
385 3588 485 3641 autem
507 3579 563 3642 illa
583 3579 731 3640 Hercules
750 3580 904 3660 pretium,
934 3577 966 3639 id
988 3585 1032 3640 est
1054 3596 1154 3658 equos,
1179 3578 1282 3658 caepit

90 3701 110 3742 a
129 3681 339 3758 Laomedonte,
365 3701 438 3764 quos
461 3682 512 3744 ille
533 3682 702 3764 deneqavit.
750 3682 892 3762 quocirca
912 3681 1059 3742 Herodes
1088 3687 1115 3741 cl
1141 3679 1282 3741 Telamon

90 3793 116 3846 et
142 3786 200 3848 olii
228 3786 340 3848 Graeci
367 3787 548 3848 invaserunt
579 3786 700 3846 Troiam
727 3791 755 3846 et
782 3791 942 3864 ceperunt,
975 3790 1003 3844 et
1028 3782 1181 3844 Telamoni
1202 3782 1281 3842 socio

92 3889 214 3950 militiae
236 3889 375 3950 Esianem
399 3887 480 3948 dedit
501 3905 648 3961 umorem,
670 3887 766 3966 filiam
795 3887 876 3968 reqis
898 3885 1118 3947 laomedontis.
1167 3891 1193 3944 ct
1217 3883 1281 3944 idco

93 3991 203 4052 dicitur
224 3989 270 4052 bis
291 3991 422 4071 periura
448 3989 592 4072 (x12t5).
625 3989 829 4072 Manoqaldus
851 3995 951 4050 antem
974 3987 1048 4050 dicit
1069 3989 1209 4049 Esionem
1232 4005 1282 4046 re-

93 4091 214 4173 liqatam
236 4099 265 4154 ct
286 4091 324 4153 ab
346 4093 477 4155 Hercule
500 4091 661 4154 liberatam
683 4098 712 4152 et
733 4111 753 4150 a
779 4091 935 4153 Telamone
963 4091 1085 4153 ductam
1104 4090 1281 4172 fabulosum

93 4203 279 4258 assolatum.
326 4195 491 4256 secundum
514 4195 594 4254 enim
616 4193 776 4254 historiam
797 4194 952 4268 Hercules
975 4202 1003 4256 et
1024 4195 1118 4256 lason
1141 4201 1168 4254 et
1195 4192 1282 4254 Tela-

93 4315 157 4360 mon
180 4307 209 4360 et
230 4298 287 4360 alii
308 4296 428 4378 quando
452 4295 536 4358 ibant
557 4296 598 4358 ad
627 4315 757 4358 aureum
785 4296 883 4358 uellus
906 4296 947 4357 ad
973 4298 1094 4358 Troiam
1117 4303 1276 4358 verterunt.

93 4399 240 4482 hospitari
260 4399 390 4461 volentes
413 4397 456 4461 ibi
478 4399 597 4480 repulsi
617 4406 690 4460 sunl
711 4419 732 4460 a
753 4398 951 4460 Laomedonte
979 4406 1006 4460 et
1036 4400 1067 4460 ia
1091 4400 1179 4480 Siqeo
1205 4417 1281 4478 pro-

95 4504 240 4564 muntorio
263 4503 428 4578 latuerunt,
453 4502 534 4564 unde
555 4504 654 4584 siperc
677 4502 772 4563 latere
794 4501 918 4562 dicitur.
958 4502 1087 4564 collectis
1110 4509 1210 4563 aulem
1233 4502 1281 4562 oi-

143 4619 262 4671 neapoli
276 4617 387 4672 opuscula
400 4617 441 4658 111.
1040 4619 1073 4671 33
