3152 5128
335 393 408 463 278
730 408 774 468 Ex
796 426 892 470 assur
915 408 1120 470 secennio.

333 597 469 658 llaianas
485 596 537 675 67,
563 615 658 676 quem
682 596 892 659 Boissonadus
915 599 1152 678 grammaticum
1170 614 1239 658 esse
1254 593 1396 675 potest).
1433 613 1498 673 quae

332 702 490 762 sententia
519 719 625 780 neque
656 699 810 763 conlutari
840 701 946 780 aliquo
975 710 1161 781 argumento
1189 709 1293 780 potest
1315 715 1419 778 neque
1439 717 1499 758 con-

333 802 463 865 firmari.

417 903 600 987 Augustana
630 915 779 987 excerpta
808 917 882 969 ante
912 908 1081 990 conplures
1111 925 1209 968 annos
1239 905 1412 986 descripsi,
1446 915 1498 965 tun

333 1008 500 1071 emendavi
523 1019 555 1071 et
576 1019 730 1089 quantum
753 1029 832 1090 opus
855 1029 923 1072 esse
946 1008 1117 1072 videbatur
1140 1009 1308 1090 explicavi.
1356 1011 1388 1069 in
1404 1027 1459 1088 qua
1473 1027 1499 1068 re

333 1110 366 1173 id
389 1114 524 1174 maxime
546 1113 671 1175 efficere
686 1113 794 1176 studui
810 1123 845 1175 ut
859 1113 1028 1194 adpareret
1044 1133 1084 1176 cx
1099 1111 1217 1194 quibus
1232 1121 1377 1174 veterum
1392 1112 1501 1191 scriptis

332 1215 514 1277 Timotheus
536 1227 722 1297 argumenta
743 1218 892 1278 carminis
907 1218 957 1278 sui
973 1218 1156 1297 sumpserit,
1182 1224 1347 1296 praetcrea
1362 1222 1501 1276 autemut

333 1321 451 1380 rariora
482 1338 544 1380 non
574 1321 664 1382 nulla
689 1321 822 1383 aliorum
845 1321 1034 1400 scriptorum
1057 1320 1279 1400 conparatione
1303 1319 1499 1380 firmarentur.

333 1431 555 1486 remanserunt
578 1421 733 1503 quaedam
756 1424 928 1504 singularia
946 1434 1000 1486 aut
1015 1423 1092 1484 mihi
1108 1433 1195 1485 certe
1211 1441 1274 1484 non
1290 1432 1363 1484 nota
1377 1420 1499 1483 aliunde.

332 1527 378 1586 sic
406 1526 627 1588 concinnatum
655 1527 841 1606 opusculum
871 1526 968 1589 edere
998 1527 1165 1588 constitui:
1185 1524 1347 1607 *putabam
1370 1525 1448 1586 enim
1468 1542 1501 1584 ne

307 1627 487 1690 oeiusmodi
514 1627 645 1710 quidem
671 1617 882 1709 antiquarum
904 1631 1082 1691 litterarum
1105 1629 1257 1709 reliquias
1280 1627 1424 1710 indignas
1443 1646 1500 1689 esse

333 1750 415 1812 quae
445 1752 485 1793 ex
514 1734 577 1795 situ
599 1741 694 1814 atque
718 1732 875 1795 oblivione
898 1732 1173 1813 protraherentur.
1219 1751 1293 1792 mox
1314 1740 1417 1794 autem
1437 1749 1500 1791 con-

332 1836 439 1897 silium
463 1834 637 1897 retardavit
659 1835 762 1897 adlata
785 1837 825 1898 ad
847 1855 898 1898 me
921 1835 1055 1898 obscura
1080 1834 1161 1896 lama
1184 1853 1247 1916 qna
1269 1835 1348 1896 haec
1369 1843 1497 1913 excerpta

332 1958 349 2000 a
374 1940 551 2001 Christiano
580 1939 740 2001 Friderico
770 1940 916 2001 Matthaei
946 1941 978 2000 in
1009 1939 1122 2019 vulgus
1151 1938 1236 2001 edita
1268 1957 1338 2001 esse
1367 1936 1500 2018 perhibe

332 2043 460 2105 bantur.
507 2041 565 2104 scd
595 2040 678 2104 liber
705 2045 840 2106 multum
870 2044 1035 2124 quaesitus
1064 2041 1193 2106 tandem
1223 2060 1314 2103 ame
1342 2041 1500 2121 adquisitus

333 2155 391 2208 est.
441 2146 614 2226 inscriptus
637 2155 685 2208 est
708 2148 761 2225 ita,
787 2149 898 2208 Brevis
920 2145 1048 2208 historia
1070 2147 1250 2209 cotarellum
1271 2147 1426 2227 scriptoris
1439 2163 1499 2204 cae

332 2251 417 2331 cymi
443 2251 495 2330 qui
522 2250 620 2312 seculo
642 2271 686 2312 ιι.
710 2249 766 2312 sub
791 2251 985 2312 Constantino
1014 2249 1207 2313 Momemaclzo
1237 2255 1417 2330 imperatore
1437 2249 1500 2308 Gov-

333 2353 528 2434 stontmopoli
552 2353 668 2434 dormit.
717 2354 841 2416 Graece.
888 2355 977 2416 Nunc
995 2355 1131 2434 primam
1154 2353 1299 2435 impensis
1320 2351 1500 2414 nobilissimo-

332 2475 401 2517 rum
427 2456 566 2537 fratrum
588 2455 836 2532 Zosimodorum,
870 2453 1045 2533 Anastasii,
1078 2457 1197 2519 Nicoloi
1217 2463 1246 2518 et
1266 2459 1338 2518 Zoes
1360 2475 1401 2517 ecc
1421 2453 1500 2516 code
1569 2515 1570 2520 ,

331 2578 389 2622 ms.
414 2559 467 2640 qui
494 2577 576 2621 coes
604 2559 646 2621 od
667 2566 775 2622 cestro
796 2567 931 2641 tempora
953 2559 1073 2621 videtur
1092 2561 1287 2640 peruenisse,
1319 2558 1427 2620 additis
1447 2557 1502 2617 coi

331 2660 594 2724 madversiooibus
605 2670 633 2724 et
646 2664 891 2744 interpretatione
902 2664 1023 2739 Latiam
1039 2661 1131 2724 edidit
1144 2663 1338 2724 Christianus
1349 2661 1502 2724 Fridmrm

331 2765 368 2828 de
391 2763 546 2828 Matthaei.
593 2767 746 2846 llosquoc.
797 2769 886 2848 Typis
908 2768 946 2828 N.
973 2767 1005 2828 S.
1031 2765 1227 2847 Vscvolcjsly.
1277 2766 1372 2826 t8tt.
1416 2765 1500 2844 prima

332 2888 406 2951 pars
429 2879 478 2932 est
499 2866 574 2929 libri
597 2869 653 2948 qui
673 2871 767 2931 Vario
784 2871 903 2932 Graeco
925 2888 967 2932 em
989 2877 1050 2932 octo
1073 2869 1223 2932 codicibus
1245 2869 1327 2932 edila
1350 2865 1499 2948 conplecti·
1569 2941 1570 2952 ἵ

332 2983 395 3035 tur.
444 2972 624 3034 rarissimus
648 2981 697 3032 est
718 2971 816 3034 liber:
843 2992 916 3036 nam
937 2973 1092 3054 pleraque
1115 2975 1185 3036 eius
1200 2972 1393 3053 exemplaria
1408 2973 1500 3032 incen—

332 3074 384 3136 dio
407 3076 585 3155 llosquensi
613 3073 781 3156 absumpta
809 3087 894 3138 sunt.
941 3077 1049 3157 itaque
1079 3085 1228 3156 excerpta
1258 3075 1311 3137 illa
1338 3076 1499 3156 Augustam

332 3197 525 3260 quamquam
551 3189 624 3241 ante
648 3199 700 3240 me
723 3179 808 3241 edita
831 3189 921 3259 sunt,
952 3188 1058 3242 tamen
1082 3181 1115 3240 in
1137 3189 1200 3241 tam
1223 3197 1396 3260 paucorum
1417 3175 1500 3238 homi-

333 3303 409 3345 num
437 3301 551 3344 manus
579 3291 739 3346 venerunt
765 3292 801 3345 ut
828 3301 929 3363 paene
952 3281 1014 3344 dici
1037 3283 1159 3362 possint
1181 3301 1244 3347 non
1267 3301 1340 3344 esse
1362 3281 1496 3362 evulgata.

333 3405 431 3467 quare
455 3383 571 3448 edendi
595 3384 695 3447 libelli
718 3386 884 3449 consilium
899 3403 962 3447 non
977 3387 1087 3468 putavi
1104 3405 1175 3448 esse
1189 3384 1404 3448 abiciendum.
1439 3399 1498 3444 con

334 3489 392 3552 tuli
421 3498 526 3551 autem
549 3489 793 3552 Matthaeianum
823 3487 941 3550 librum
963 3509 1035 3551 oum
1058 3490 1105 3550 eis
1128 3507 1209 3570 quae
1233 3490 1301 3570 ipse
1324 3488 1499 3569 perscripse-

335 3612 412 3670 ram,
438 3611 543 3672 nequc
566 3593 665 3655 multa
688 3591 797 3654 inveni
820 3610 903 3672 quae
925 3611 975 3654 me
999 3590 1155 3672 ingerant.

421 3697 530 3760 Parata
559 3697 621 3757 iarn
650 3684 741 3756 crant
768 3705 804 3757 ut
833 3694 1006 3758 ederentur
1034 3696 1138 3758 omnia
1167 3713 1238 3756 cum
1267 3698 1375 3777 accepi
1401 3705 1498 3758 tonum

334 3801 504 3880 septimum
520 3800 718 3862 llelationum
733 3796 922 3861 Academiae
938 3799 1186 3880 Petropolitanac
1209 3796 1353 3880 (notem
1374 3799 1409 3860 de
1422 3797 1499 3858 ioco·

334 3905 428 3966 demde
458 3904 614 3985 irnperiole
642 3901 694 3964 des
724 3905 854 3965 scieaces
882 3902 919 3964 dc
947 3901 1218 3984 St-Pdtersbourp)
1252 3921 1337 3964 anno
1358 3915 1498 3964 nocentur

335 4008 529 4088 evulgatam,
554 4009 587 4068 in
611 4026 673 4088 quo
690 4027 720 4088 p.
741 4007 776 4068 il
797 4025 840 4068 ss,
859 4006 1060 4068 Hermannus
1075 4003 1213 4067 Grallius
1228 4024 1268 4066 cx
1283 4003 1388 4068 codice
1402 4001 1497 4064 biblio-

334 4112 444 4173 thecae
467 4111 625 4172 Parisinac
648 4111 731 4173 2422
743 4156 752 4188 ,
784 4128 879 4189 quem
910 4109 1035 4170 saeculo
1057 4127 1104 4169 xvr
1127 4109 1281 4189 scriptum
1304 4108 1404 4170 videri
1424 4103 1494 4178 dicit,

421 4283 445 4345 *t
466 4282 581 4354 [Fcsctltt
599 4282 741 4346 hosptium
761 4284 901 4333 memorio:
929 4283 991 4331 dcto
1014 4293 1046 4332 eo
1063 4282 1174 4344 epistota
1192 4287 1255 4344 (126
1274 4281 1394 4340 Herctert
1410 4279 1440 4328 od
1455 4275 1495 4324 liv·

335 4371 452 4422 rotheem
474 4375 521 4428 est,
547 4371 592 4418 scd
614 4371 712 4431 scripto
735 4373 773 4419 est
796 4381 848 4418 noa
871 4381 945 4418 secus
969 4372 1045 4430 atque
1067 4370 1205 4418 centesimo
1228 4367 1420 4436 quadragesimo
1435 4361 1494 4412 terlio

338 4457 460 4508 llcrchcri
478 4459 506 4506 io
524 4457 768 4507 commendationem
784 4455 904 4507 Timothei
922 4455 1066 4515 cadosdam,
1086 4455 1117 4504 de
1134 4467 1184 4515 ouo
1201 4459 1349 4504 comestor
1365 4463 1425 4515 eom
1438 4451 1458 4498 et
1470 4445 1494 4493 de

337 4546 505 4608 scriptorem
522 4545 554 4594 do
573 4541 683 4593 Choricit
705 4541 837 4594 remotim
855 4543 964 4606 cogitem
980 4538 1095 4606 votam}
