3156 5132
359 393 431 466 352
751 407 794 468 Ex
817 425 913 470 asans
936 408 1144 470 ausoniam.

357 605 471 673 esseut,
502 605 607 659 atram
635 599 733 679 mapis
762 616 839 660 vera
867 615 932 660 esse
960 597 1135 658 emistimeat
1162 615 1239 678 quae
1266 599 1367 659 Dares
1397 595 1516 679 Pbrpybs

355 703 518 762 memoriae
546 699 779 776 commendavit,
811 701 864 782 qui
886 719 946 782 per
972 699 1005 762 id
1033 707 1149 780 tempas
1172 701 1255 762 vomit
1275 707 1304 761 et
1324 700 1458 762 miliaci
1475 718 1516 780 po

358 804 470 866 Graeci
494 804 639 864 Troianos
661 811 887 886 oppapaareot,
920 821 1000 865 omae
1020 805 1150 864 Homero
1172 802 1372 882 medardum,
1403 804 1452 884 poi
1465 810 1517 883 post

356 908 464 970 multos
494 925 590 968 anuos
618 913 711 968 matus
739 913 783 968 est
804 924 894 988 quom
915 905 969 968 boc
991 905 1101 968 bellam
1121 913 1237 988 pastam
1255 906 1378 987 fuisset.
1422 905 1454 967 de
1471 923 1516 986 ρνο

355 1029 390 1070 re
410 1007 532 1072 Athenis
556 1008 700 1071 radiorum
719 1007 790 1091 fait,
816 1027 885 1071 cum
903 1027 962 1090 pro
985 1011 1094 1072 insano
1108 1010 1258 1072 Homerus
1280 1007 1439 1070 haberetur
1458 1007 1516 1088 moi

355 1113 425 1175 ticos
447 1131 515 1174 cum
535 1111 704 1174 bominibus
727 1110 938 1195 belliperamtes
960 1112 1167 1193 descripserit.

299 1229 346 1275 sss
442 1216 536 1276 XXll.
561 1216 788 1276 Timocreontis
809 1215 922 1278 Rhodii
945 1215 1143 1278 notissimum
1168 1233 1295 1276 carmen
1320 1223 1368 1277 est

354 1310 471 1404 ὤφελέν
494 1313 540 1396 α’,
571 1308 597 1380 ὦ
624 1315 718 1404 ruphi
747 1315 881 1395 Πλοῦτε,
913 1311 987 1402 μήτε
1013 1319 1053 1402 γῇ
1085 1311 1155 1402 μήτ’
1183 1317 1214 1380 ἐν
1244 1311 1385 1401 θαλάσσῃ
1406 1309 1468 1400 μήτ’
1493 1313 1516 1376 ἐν

972 1414 1092 1506 οὐρανῷ
1113 1423 1261 1506 ρανῆμεν,

354 1520 433 1590 ἀλλὰ
459 1519 612 1610 Τάρταρόν
641 1548 674 1589 τε
701 1522 794 1588 ναίειν
823 1519 1008 1610 κᾶχίροντοι·
1042 1519 1093 1588 διὰ
1121 1521 1155 1587 ab
1181 1518 1239 1609 γὰρ
1260 1518 1299 1588 τὰ
1316 1516 1403 1586 πάντ’
1427 1521 1455 1584 ἐν
1474 1515 1518 1583 ἂν·

969 1622 1101 1714 ίλροίποις
1123 1621 1214 1691 κακαί.

352 1732 521 1814 adscripsit
543 1731 602 1794 hoc
624 1732 740 1794 seolion
763 1741 856 1795 vetus
879 1733 1038 1812 interpres
1060 1729 1101 1793 ad
1119 1729 1341 1813 Aristophanis
1355 1728 1517 1790 Acharneu-

352 1837 434 1898 sium
457 1855 488 1897 v.
507 1835 563 1896 534
597 1834 639 1897 ah
668 1853 769 1915 eoquo
798 1835 933 1917 sumpsit
955 1834 1070 1897 Suidas
1100 1835 1132 1896 in
1162 1827 1281 1897 σκόλιον
1310 1831 1449 1896 vocabuli
1473 1849 1516 1891 ex-

352 1939 532 2020 plicatione.
579 1928 696 2023 ὤρελίν
720 1932 747 2000 α’
774 1937 815 2000 ab
838 1939 944 2018 llgono
967 1939 1201 2018 scriptumest:
1226 1935 1395 2017 legebatur
1409 1924 1514 2019 ὤφελες.

351 2051 418 2104 tum
450 2035 524 2125 με’τε
546 2044 585 2126 γῇ
608 2041 787 2103 Brunckius
809 2041 953 2122 scripsit:
980 2038 1147 2122 legabatur
1170 2033 1240 2124 μήτ’
1267 2039 1300 2102 ἐν
1321 2041 1375 2124 γή.
1421 2035 1515 2100 deinde

351 2147 488 2230 ρανίμεν
511 2147 682 2226 Berghius:
709 2143 784 2206 libri
806 2138 996 2229 φανήμεναι,
1021 2164 1060 2208 ax
1083 2162 1145 2224 quo
1166 2143 1220 2206 alii
1243 2144 1351 2205 minus
1373 2143 1447 2204 scite
1466 2161 1515 2224 ρα-

351 2251 440 2311 νίναι
463 2246 614 2310 fecerant.
661 2247 802 2328 denique
824 2247 899 2310 libri
921 2267 1019 2310 versu
1042 2265 1104 2310 non
1121 2247 1214 2329 pleno
1230 2245 1350 2309 habent
1366 2240 1416 2308 διὰ
1430 2236 1513 2326 οὲρλρ

349 2346 437 2415 πάντ’
463 2350 495 2414 ἐν
519 2345 690 2436 ἀνθρώποις
710 2343 801 2414 κακά.
841 2351 1056 2414 hlehlhornius
1075 2360 1147 2432 past
1159 2342 1246 2414 πάντ’
1266 2347 1449 2412 addendum
1462 2364 1513 2408 esse

290 2449 294 2458 ’
349 2449 411 2518 ἔστ’
439 2455 648 2518 existimavit:
680 2455 757 2516 mihi
781 2455 885 2517 lenius
906 2454 1012 2516 visum
1034 2463 1082 2516 est
1103 2453 1230 2516 adicere
1252 2453 1433 2514 articulum.
1473 2446 1513 2510 sod

350 2558 447 2620 multo
477 2560 605 2640 gravius
627 2568 676 2621 est
697 2559 865 2621 toleratum
888 2575 958 2620 esse
981 2549 1050 2642 μήτ’
1077 2555 1109 2619 ἂν
1131 2550 1246 2642 ἠπείρῳ
1268 2558 1421 2642 ρανῆμεν,
1444 2551 1510 2635 (μιαί

350 2673 436 2724 terra
467 2671 498 2724 et
521 2663 687 2725 continens
708 2671 793 2723 terra
816 2661 901 2723 inter
923 2679 957 2723 so
980 2661 1097 2740 opponi
1119 2661 1252 2741 possint.
1299 2660 1442 2740 ineptum
1463 2671 1510 2718 esc

347 2758 465 2849 ἠπείρῳ
494 2763 572 2826 illud
600 2764 803 2826 librariorum
831 2762 912 2826 vidit
933 2761 1198 2826 Schneidewinus
1221 2762 1418 2843 pulchreque
1439 2757 1513 2822 intel·

348 2868 426 2931 laxit
447 2867 653 2930 scrihandum
676 2886 745 2930 esse
768 2861 897 2951 οὐρανῷ.
945 2875 1041 2946 atque
1064 2867 1122 2930 hoc
1144 2867 1249 2946 ipsum
1271 2867 1417 2946 posuisse
1430 2865 1513 2925 Timo·

348 2979 509 3033 creontem
531 2971 658 3033 omnino
681 2979 802 3033 certum
825 2970 903 3032 mihi
925 2969 1055 3032 videtur
1078 2987 1160 3031 csse.
1206 2968 1264 3031 sed
1287 2969 1418 3031 minime
1439 2976 1511 3029 uten-

347 3072 424 3137 dum
447 3084 516 3137 erat
538 3073 649 3137 eadem
672 3074 844 3136 mutatione
867 3074 900 3136 in
922 3070 1142 3154 Aristophanis
1164 3070 1331 3152 versibus,
1362 3067 1512 3152 inquibus

346 3178 451 3239 omnia
474 3185 560 3240 reete
576 3194 610 3238 se
626 3175 756 3256 habent,
781 3177 808 3238 si
824 3186 930 3239 autem
948 3184 1124 3253 mutantur,
1149 3175 1243 3255 plane
1259 3194 1324 3237 nou
1340 3173 1512 3253 intellegitur
1561 3171 1562 3254 l

346 3279 501 3360 quamodo
530 3280 562 3342 in
592 3279 818 3341 Timocreontis
847 3279 987 3341 carmine
1016 3278 1214 3360 aptissimum
1244 3278 1325 3341 illud
1354 3271 1465 3364 οὐρανῷ
1487 3274 1509 3332 in

344 3377 472 3467 ἠπείρῳ,
498 3381 584 3463 quod
607 3393 639 3445 et
660 3381 834 3444 absurdum
858 3381 903 3443 ibi
926 3391 975 3444 est
998 3391 1030 3442 ct
1045 3381 1130 3443 illius
1146 3379 1290 3444 vocabuli
1311 3383 1423 3444 litteris
1437 3375 1509 3439 valde
1561 3439 1562 3448 ρ

346 3484 518 3565 dissimile,
551 3485 721 3567 depravari
751 3485 900 3566 potuerit.
948 3494 1022 3548 suut
1049 3494 1153 3547 autam
1177 3484 1397 3566 Aristophanis
1417 3495 1508 3542 versus

344 3589 428 3650 hice.
1561 3599 1562 3636 l

501 3697 503 3704 '
549 3690 687 3756 ἐντεῦθεν
709 3685 786 3777 ὁμγῇ
808 3688 976 3777 Περικλέης
998 3683 1162 3774 οὑλύμπιος

548 3785 693 3881 ἤστραπτ’
720 3790 847 3881 ἐβρόντα
869 3789 1012 3866 ξυνεκύκα
1032 3789 1087 3879 τήν
1103 3788 1252 3874 Ἑλλάδα,

526 3979 528 3984 Ι
548 3895 643 3960 ἐτίθει
664 3893 773 3982 νόμους
795 3890 896 3983 ὥσπερ
919 3891 1025 3962 σκόλια
1047 3897 1284 3983 γεγραμμένους,

548 3994 590 4073 ὡς
611 3995 671 4087 tel
696 3997 857 4086 Messalas
880 3994 955 4085 μήτε
976 4004 1017 4086 sb
1043 3995 1117 4085 μήτ’
1143 4001 1174 4064 a
1197 3995 1307 4087 iteri,

548 4098 620 4189 μήτ’
647 4105 678 4168 ἐν
702 4099 837 4190 θαλάττῃ
861 4097 933 4189 μήτ’
961 4103 993 4168 ἰν
1015 4099 1130 4189 ἠπείρῳ
1153 4104 1262 4190 μένειν.

341 4209 422 4270 nihil
451 4209 484 4270 in
515 4209 574 4271 hac
602 4209 688 4270 scolii
712 4209 939 4271 Timocreontei
968 4206 1108 4293 παρῳδίῳ
1137 4207 1269 4289 dignum
1297 4218 1346 4272 ast
1368 4208 1504 4287 vitupera-

340 4313 438 4392 tione,
464 4330 570 4392 neque
593 4314 678 4375 onim
700 4314 740 4396 tit
763 4322 795 4374 at
817 4305 932 4396 ἠπείρῳ
954 4313 1039 4374 inter
1060 4331 1095 4373 se
1117 4313 1259 4394 opposita
1274 4321 1360 4391 sunt,
1384 4307 1435 4372 sed
1448 4323 1503 4368 soc

340 4416 405 4477 lion
427 4416 469 4478 ita
493 4425 635 4478 mutatur
655 4425 691 4478 ut
712 4411 815 4496 pr'ima
839 4415 952 4476 divisio
975 4416 1054 4477 haec
1071 4415 1124 4496 sit,
1151 4408 1225 4499 μήτε
1238 4409 1365 4500 γή“μήτ’
1384 4405 1503 4492 &hropi

282 4534 331 4580 sss
346 4520 390 4604 (in
421 4536 484 4599 quo
513 4508 579 4580 ίονίΙ
609 4520 861 4581 commemoratio
890 4518 1053 4599 aptissima
1076 4529 1123 4579 est
1149 4537 1187 4579 ac
1209 4535 1311 4598 paene
1334 4512 1497 4585 necessaris,
