3152 5128
481 405 650 466 Τιιοτιιιιυι
673 401 816 464 (ὶινκιοε.
1168 387 1241 460 283

73 593 176 675 μορφῆς
202 586 401 674 ἀπατωμένης
429 591 457 654 οί
482 591 577 662 ίππεῖς
598 587 652 675 την
677 583 771 675 ἀλλην
793 589 914 676 ἔχοντες
936 584 1033 675 θήραν
1058 584 1188 675 διαφεό-

68 693 168 776 γθισιν.

126 790 168 860 ότι
194 792 211 860 ό
239 789 367 882 σκύμνος
398 791 490 882 αὐτῆς
519 792 684 884 ἡμεροῦται
712 793 763 860 καί
786 791 860 880 μετά
882 795 995 860 παίδων
1019 793 1070 860 καλ
1093 799 1189 860 κυνιῦν

66 896 235 984 τρεφόμενος
258 895 448 985 ἀγελάίεται.

124 1005 166 1075 ότι
185 1008 205 1096 ἡ
227 1011 321 1098 τίγρις
343 1013 521 1097 ἐπιοτηδιῦσα
543 1007 699 1098 δράττεται
721 1006 812 1076 αὐτοῦ
827 1015 879 1076 τοῦ
893 1006 1014 1097 γρυπός,
1038 1003 1088 1077 ότι
1103 1012 1187 1076 ἐκεῖ·
1205 1023 1221 1072 5

65 1139 111 1186 νος
130 1109 256 1200 ἁρπάζει
277 1111 314 1180 τά
336 1116 425 1201 τέκνα
449 1111 558 1200 αὐτῆς,
584 1111 634 1180 καί
657 1111 692 1179 οό
716 1115 854 1200 μεθίησιν
877 1115 934 1187 ἕως
955 1115 1069 1188 ἐκεῖνος
1092 1111 1189 1200 ἀλγοῦν

65 1217 129 1302 ’ρι’φη
151 1213 239 1284 αῦτόν
266 1215 329 1302 μετ’
357 1204 450 1303 όιότῆς
473 1221 516 1292 εἰς
537 1215 590 1304 τὴν
614 1213 782 1284 θάλασσαν.

123 1321 166 1393 ότι
191 1325 212 1414 ἡ
235 1329 326 1416 τίγρις
354 1325 497 1403 πολλάκις
527 1327 577 1394 τόν
604 1335 703 1416 γρῦπα
724 1326 774 1394 τόν
797 1321 877 1416 όρνιν
899 1329 1023 1414 μείζονα
1045 1323 1117 1394 ὄντα
1138 1327 1190 1394 καί

64 1427 131 1517 ὑπὲρ
153 1433 260 1498 λέοντα
282 1429 413 1520 φονεόει.

122 1537 165 1610 ότι
186 1541 203 1610 ό
225 1542 303 1632 γρθψ
331 1543 364 1610 τὸ
387 1547 496 1631 στῆθος
519 1543 570 1611 καί
592 1541 629 1611 τά
651 1544 694 1610 ἔτι
717 1542 854 1632 ἀνώτερα
875 1543 965 1609 ἵππου
987 1544 1068 1632 ἔχει,
1099 1541 1132 1609 τό
1155 1544 1188 1609 δὲ
1211 1557 1243 1605 10

63 1643 172 1734 ῥάμφος
193 1647 245 1714 καλ
268 1646 305 1714 τά
326 1645 419 1735 πτερά
440 1646 558 1736 όρνέου,
581 1646 634 1734 την
658 1647 691 1714 δέ
713 1643 805 1734 οῦριὶν
828 1647 881 1713 καί
901 1644 939 1713 τά
961 1652 1042 1712 νοῦτα
1056 1648 1186 1720 λέοντος.

122 1753 165 1824 ότι
194 1756 355 1847 ἀγρεόεται
382 1758 399 1825 ‘o
427 1758 506 1848 γρῦψ
534 1757 591 1826 ὑπὸ
624 1755 791 1847 ἀνθρώπων
825 1757 876 1824 καί
906 1755 943 1825 τά
972 1755 1066 1848 πτερά
1097 1757 1189 1825 αὐτοῦ

62 1869 174 1927 ποιοῦσι
197 1860 367 1951 βελοθήκιις
388 1861 440 1930 καὶ
460 1861 530 1936 τοῦς
552 1857 664 1951 όνυχας
684 1859 812 1950 ποτήρια
835 1860 963 1948 μεγάλα.

121 1969 165 2039 ότι
187 1973 260 2062 βόας
283 1971 382 2063 ἀμάξῃ
406 1978 562 2042 συνδέουσι
583 1972 634 2040 καί
659 1973 750 2063 βάρος
771 1971 985 2062 ἐπιβάλλουσιν
1009 1969 1098 2062 αότῇ,
1122 1971 1189 2039 όδὲ

62 2074 133 2164 γρῦψ
161 2076 211 2143 καὶ
239 2081 309 2165 βοῦν
343 2081 458 2146 σθένων
494 2075 627 2166 ἁρπάσαι
656 2075 724 2152 τοῦς
759 2072 870 2166 όνοχας
898 2078 1090 2165 περιελίσσει.
1137 2072 1187 2152 οῦς
1211 2091 1241 2141 15

63 2183 144 2247 λῦσαι
166 2178 200 2248 οό
225 2179 364 2260 δόναται,
390 2182 441 2248 καὶ
464 2179 504 2269 μὴ
528 2179 690 2268 δυνάμενος
712 2187 851 2247 τοσοῦτον
874 2178 965 2269 βάρος
989 2178 1190 2270 ἀνακουφίσαι

64 2287 140 2366 μένει
167 2285 357 2374 ἐνεχόμενος.
405 2286 457 2352 καί
484 2281 530 2352 ότι
557 2280 632 2372 ἀνὴρ
655 2282 711 2351 όπό
733 2283 786 2372 τὴν
808 2281 948 2371 τοιαύτην
972 2279 1088 2370 ἅμαξαν
1110 2283 1188 2373 κρό-

63 2412 171 2468 πτεται,
197 2387 250 2456 καί
271 2384 320 2455 ότε
342 2392 488 2477 ἐνσχεθῇ,
511 2391 662 2474 έπιπηδιῦν
685 2389 766 2454 καίει
788 2385 879 2454 αῦτοῦ
901 2386 953 2462 τάς
974 2391 1131 2476 πτέρυγας.

119 2494 166 2565 ὅτι
193 2499 353 2588 γηράσκων
377 2497 562 2588 ἀποθνήσκει
585 2497 640 2566 ὑπὸ
662 2503 771 2587 λιμοῦ,
801 2507 853 2566 τοῦ
876 2498 1011 2588 ράμφους
1031 2498 1125 2566 αὐτοῦ
1147 2505 1190 2588 τῷ

64 2600 157 2690 χρόνῳ
184 2607 447 2691 περιελισσομένου
470 2603 630 2670 κάντεῦθεν
654 2601 694 2690 μὴ
718 2609 942 2692 συγχωροῦντος
964 2608 1076 2692 τροφῆς
1100 2600 1188 2669 αὐτόν
1211 2613 1243 2664 20

66 2704 310 2795 μεταλαμβάνειν.

121 2845 188 2906 κεφ.
216 2815 248 2885 ι’.
294 2819 362 2907 περὶ
387 2819 587 2907 ἱπποτίγρεως.
632 2814 678 2885 ότι
693 2815 709 2884 ό
726 2817 888 2907 ίππότιγρις
903 2819 984 2884 ἔοικε
997 2821 1058 2892 τοῖς
1075 2817 1187 2905 ἀγρίοις
1201 2843 1217 2882 κ

63 2913 146 2994 όνοις.
192 2921 256 2988 ἔστι
278 2924 312 2988 δὲ
333 2920 499 3010 ταχύτατον
523 2913 621 3010 ζιγῦον.Ι

121 3020 165 3091 ότι
187 3027 359 3112 ἐστιγμένον
382 3023 415 3092 τό
436 3027 535 3112 δέρμα
557 3025 635 3114 ἔχει,
659 3023 712 3113 τλγν
736 3027 768 3091 δέ
790 3022 885 3114 χρόαν
908 3023 947 3100 ὡς
969 3023 1028 3091 ἀπὸ
1049 3029 1171 3115 τέφρας.
1254 3052 1280 3096 ιι

122 3123 165 3193 ότι
187 3132 219 3194 ἐν
242 3135 286 3218 τῷ
306 3136 360 3216 τῆς
376 3125 498 3215 Ῥιόμης
521 3127 640 3217 θεάτρῳ
662 3126 852 3217 ἐζεῦχθησαν
871 3125 927 3195 όπό
942 3126 1074 3218 ἡνιόχων
1089 3133 1186 3196 έλαυ-
1208 3143 1241 3192 25

68 3229 178 3315 νόμενοι
199 3233 250 3298 καὶ
272 3235 426 3321 παρέσχον
449 3230 626 3320 θαυμαστὴν
649 3233 735 3298 θέαν.

123 3330 166 3401 ότι
191 3336 308 3424 βασιλίς
329 3333 431 3424 νόμφη
454 3332 636 3422 ἐπόμπευσεν
660 3333 707 3402 ἐπὶ
728 3332 854 3423 τοιοότιρ
875 3329 997 3423 ἅρματι.

124 3473 189 3535 κεφ.
217 3445 269 3514 ια’.
317 3447 383 3536 περὶ
411 3445 599 3536 παρδάλεως.
645 3441 691 3514 ότι
720 3445 774 3513 δόο
802 3450 875 3534 γένη
904 3447 969 3514 έστί
995 3449 1189 3536 παρδάλεων,
1206 3471 1235 3514 ¹1

69 3552 120 3612 τιῦν
141 3551 194 3636 μέν
217 3549 356 3639 μεγάλων
379 3550 430 3618 καί
452 3548 559 3638 μικράν
585 3601 806 3619 .......
832 3548 923 3638 οόράν
946 3554 1093 3638 ἐχουσῶν.

125 3647 168 3719 ότι
196 3658 227 3720 ἐν
256 3662 293 3743 τῇ
318 3651 393 3744 οὐρᾷ
422 3656 488 3744 ἔχει
508 3653 528 3742 ἡ
550 3653 699 3744 πάρδαλις
720 3656 840 3742 κέντρον
862 3652 901 3729 ὡς
924 3653 972 3720 ἐπὶ
993 3661 1046 3721 τοῦ
1068 3658 1186 3728 λέοντος
1210 3667 1242 3718 3ο

72 3751 114 3816 ἰαί
132 3757 183 3845 πάρ
204 3763 345 3844 γλῶσσαν
368 3757 572 3847 σαρκοφάγον.

75 3919 265 3936 Ἣ

148 4023 171 4070 ⁸.
190 4017 258 4090 γῦπα
276 4021 305 4070 Α.
344 4020 518 4071 Philostratus
536 4020 621 4086 Apoll.
643 4023 675 4071 111
689 4025 721 4071 ⁴8
745 4019 792 4088 τὴν
811 4017 888 4088 τίγριν
906 4017 935 4070 δὲ
953 4017 1042 4076 αὐτοῖς
1063 4020 1124 4082 (τοῖς
1141 4019 1240 4090 γρυψίν)

76 4095 190 4158 θέλοιεν
213 4104 279 4158 εἶναι
297 4104 391 4174 μόνην,
419 4105 508 4176 ἐπειδὴ
526 4107 555 4158 τὸ
571 4105 652 4179 τάχος
670 4105 748 4174 αῦτλγν
766 4103 866 4158 έσποιεῖ
881 4108 936 4162 τοῖς
954 4103 1066 4172 ἀνέμοις.
1139 4110 1180 4156 48.
1201 4105 1244 4158 ἐν·

77 4185 147 4260 νμεθῇ
167 4193 332 4244 Ηετολισταε;
359 4190 484 4264 έπισχεθῄ
502 4196 533 4245 Α.
621 4198 663 4244 ss.
685 4193 793 4245 Cassius
818 4193 866 4242 Dio
891 4191 1021 4256 ΧίρΙνίΙίιιί
1040 4191 1184 4242 Lxxvno
1208 4191 1242 4242 de

78 4271 193 4330 Antonino
209 4279 348 4330 Curacnsso
372 4276 497 4346 ἐλέφαντα
521 4277 568 4348 μὲν
585 4276 633 4348 γὰρ
650 4277 694 4330 καί
711 4276 866 4350 ρινοοιέροιτα
882 4276 926 4328 καὶ
942 4275 1020 4346 τίγριν
1038 4275 1084 4328 καὶ
1101 4275 1243 4348 ίππότιγριν

79 4353 190 4414 ἐνοίιδινλ
205 4362 273 4435 λόγῳ
291 4361 351 4434 θείη
368 4362 399 4416 ἄν
416 4381 455 4422 τις
472 4364 657 4436 φονευομένους
676 4364 703 4416 ἐν
719 4365 757 4436 τῷ
774 4361 884 4433 θεάτρῳ.
973 4367 1015 4413 20.
1036 4363 1103 4413 Ιιοοο
1121 4363 1177 4414 fem
1195 4375 1244 4413 ει-

80 4443 170 4508 adisse,
186 4457 237 4504 τῶν
256 4449 285 4502 δὲ
304 4457 401 4518 μοιρῶν
417 4449 462 4502 καὶ
480 4447 603 4522 μεγάλην,
624 4457 652 4502 ει
669 4452 803 4502 sermonis
815 4451 881 4500 mio
894 4450 974 4500 docet
986 4454 1013 4500 οι
1023 4450 1162 4515 Ορρίειιυιι
1174 4450 1241 4514 Cyn.

82 4525 107 4576 ΙΙΙ
118 4535 183 4586 οισι.
203 4537 270 4589 vidit
288 4537 321 4586 M.
411 4541 453 4588 ³⁴.
473 4535 648 4608 σσρκοφιίγονε
669 4537 739 4590 oonf.
760 4551 819 4603 ουρ.
840 4539 872 4586 ΞΒ
892 4537 919 4586 in
938 4535 1000 4588 fine.
