3182 5132
608 395 713 456 Vasta.
1181 380 1254 452 469

76 591 178 662 nepote
212 581 372 644 Sirmandi
408 583 440 642 in
474 583 561 644 Notis
594 580 635 644 ad
669 581 847 645 Ennodium
870 602 902 664 p.
930 585 970 646 29
1001 581 1175 664 probabilis
1209 592 1256 644 est

76 685 181 765 opinio.

141 788 259 848 XXIX.
300 789 345 850 De
367 786 508 850 exordiis
529 787 706 850 orationum
724 789 964 852 Catonianarum
982 787 1135 852 londanus
1157 811 1189 871 p.
1208 807 1256 850 ιιιι

77 909 108 952 aa
132 891 233 952 attulit
261 908 343 970 quae
374 891 507 953 Servius
537 891 569 951 in
598 889 679 952 Aen.
698 910 739 952 ιιι
761 891 823 953 259
855 911 883 952 ιιι
900 893 957 953 301
986 901 1111 954 narrat:
1152 893 1257 954 omisit

76 993 152 1072 quod
166 993 372 1074 Symmachus
388 987 465 1054 dicit
487 993 546 1073 Ep.
566 1012 599 1054 ιιι
616 996 668 1073 tl,
694 1013 735 1056 nn
750 996 780 1056 si
793 993 878 1056 nobis
894 995 1055 1056 scribenda
1070 997 1110 1057 sit
1122 995 1257 1075 sorensis

76 1098 174 1170 aratio,
199 1095 302 1157 lovem
324 1095 451 1177 deosque
473 1103 585 1158 eeteros
610 1097 733 1159 Catonis
762 1097 825 1180 tepe
850 1095 1079 1178 praefabimur,
1112 1116 1149 1158 na
1171 1097 1256 1160 nabis

77 1199 140 1260 uitia
160 1197 247 1260 detur
269 1197 318 1260 vel
339 1185 532 1281 na¹9lepentiu
556 1200 747 1282 antiquitatis
769 1201 818 1262 vel
841 1201 985 1262 inscitia?
1009 1203 1096 1283 atqui
1113 1209 1315 1281 praestnttao

80 1301 199 1362 Tullium
214 1302 310 1383 sequi,
336 1303 390 1383 qni
405 1303 547 1384 ipnarata
569 1301 738 1364 maioribus
754 1311 887 1384 usurpat
901 1303 1044 1365 ean-ata.
1081 1305 1256 1382 tetigerunt

76 1404 155 1466 illum
177 1404 252 1466 deos
274 1403 427 1485 precandi
451 1423 571 1466 morem
587 1406 731 1467 Valerius
746 1406 899 1466 Maximus
919 1406 951 1466 in
969 1404 1164 1485 praefatione
1182 1403 1256 1486 libri

77 1508 161 1585 primi
184 1517 215 1569 et
238 1507 358 1569 Plinius
381 1507 535 1570 Caecilius
558 1509 591 1570 in
616 1507 746 1570 exordia
769 1510 966 1588 Panegyrioi.

154 1610 185 1670 ln
208 1610 397 1672 Sermonum
419 1608 596 1690 Augustino
619 1609 810 1673 tributorum
838 1627 917 1690 quos
939 1609 1080 1692 Angelus
1103 1611 1201 1671 Maius
1223 1610 1256 1670 in

76 1712 168 1791 primo
199 1730 298 1774 navae
333 1722 459 1792 patrum
494 1711 707 1776 bibliothecae
737 1722 818 1774 tomo
849 1711 1119 1774 edidissemus
1143 1730 1175 1792 p.
1194 1711 1255 1772 tol

76 1813 144 1876 haee
159 1815 275 1895 scripta
290 1825 375 1892 sunt,
394 1815 532 1897 deumne,
549 1815 670 1895 fratres
686 1817 753 1894 moi,
780 1816 923 1878 attendite
938 1815 1017 1897 quad
1031 1816 1114 1878 divit
1127 1831 1257 1896 mapnus

76 1917 119 1978 itte
142 1917 210 1978 Gala
233 1918 270 1978 de
289 1917 423 1997 feminis,
457 1920 499 1979 ‘si
519 1917 631 2000 ubsque
650 1919 769 1999 semina
792 1927 869 1980 esset
889 1918 1034 1996 mundus,
1067 1918 1256 1980 conuersatio

75 2028 171 2080 nostra
192 2019 305 2101 absquo
328 2020 388 2092 diis
410 2039 471 2081 nou
493 2021 591 2082 asset'
632 2022 752 2084 rettulit
767 2022 846 2084 haee
867 2020 1020 2082 londanus
1037 2021 1121 2082 inter
1136 2038 1257 2081 memo-

76 2121 177 2182 rabilia
199 2121 283 2184 dieta
307 2122 433 2184 Catonis
457 2144 488 2204 p.
509 2124 582 2183 ιιι.
609 2132 641 2184 et
670 2133 773 2204 potest
796 2123 871 2186 Cato
899 2123 1034 2186 similem
1063 2123 1256 2185 sententiam

76 2226 243 2303 protulisse,
271 2224 329 2287 sed
353 2225 431 2306 ipsis
454 2226 517 2287 illis
539 2224 649 2288 verbis
671 2245 734 2288 non
758 2236 805 2288 est
829 2245 916 2288 usus.
946 2226 1098 2288 abhorret
1114 2225 1256 2288 animab

75 2328 193 2408 antiquo
215 2347 361 2390 sermone
385 2327 498 2409 absque
520 2330 563 2390 ita
579 2328 699 2392 dietam
715 2339 750 2392 ut
773 2329 858 2392 idem
873 2330 915 2390 sit
930 2337 1026 2410 atque
1046 2329 1123 2407 sine,
1149 2348 1255 2409 neque

75 2431 313 2492 conversationis
327 2429 517 2492 venabulum
539 2433 585 2492 sia
608 2441 795 2513 usurpatum
819 2442 867 2494 est
888 2442 924 2494 ut
946 2433 1082 2512 priscam
1105 2430 1256 2512 loquendi

76 2533 328 2595 consuetudinem
352 2534 484 2596 referat:
511 2533 552 2596 de
575 2553 637 2614 qua
653 2553 729 2596 vaae
749 2551 811 2596 non
827 2535 913 2598 nulla
937 2535 1032 2596 habet
1047 2535 1257 2597 Ruhnkenius

76 2633 104 2694 in
125 2636 231 2698 Velleii
248 2655 270 2697 ιι
288 2637 360 2698 tos.
405 2637 464 2698 ista
486 2647 592 2700 autem
617 2637 744 2698 Catonis
766 2639 886 2700 seilicet
909 2636 1009 2699 verba
1031 2647 1140 2699 extant
1162 2639 1255 2699 etiam

77 2737 104 2798 in
132 2741 362 2800 commentariis
393 2738 511 2820 quibus
540 2738 693 2820 Aegidius
721 2742 873 2803 llaserius
902 2738 1111 2820 Argonautica
1140 2739 1255 2800 Valerii

76 2841 165 2902 Flaoei
189 2844 349 2924 explicare
372 2842 511 2906 studuit:
549 2845 605 2924 qui
635 2845 852 2906 commentarii
882 2863 954 2906 oum
976 2844 1117 2904 carmine
1140 2843 1256 2904 Valerii

77 2945 192 3007 Parisiis
214 2965 297 3008 anno
319 2965 421 3008 nnxrn
446 2957 476 3008 et
499 2965 609 3008 noenu
631 2946 708 3008 editi
733 2957 819 3008 sunt.
859 2966 932 3008 nam
963 2966 1033 3008 eum
1057 2945 1142 3026 apud
1164 2946 1257 3007 Vale-

77 3048 151 3110 rium
166 3068 186 3109 ιι
204 3049 263 3109 too
288 3051 380 3110 Fama
402 3048 570 3130 adsumpta
593 3049 692 3111 forma
708 3051 846 3112 Neaerae
869 3051 947 3111 haec
962 3049 1056 3128 dieat,
1084 3051 1144 3112 scis
1159 3051 1257 3111 simite

76 3159 106 3211 ut
124 3151 253 3232 (tannis
268 3155 365 3214 simus
379 3169 494 3235 penus:
518 3153 596 3214 adde
614 3155 748 3216 cruentis
766 3153 852 3229 Quod
871 3155 1010 3234 patrium
1025 3154 1145 3215 saeuire
1160 3153 1256 3214 Dahis

82 3253 169 3332 (dabis
193 3255 286 3317 hahet
310 3255 473 3336 exemplar
495 3255 696 3336 Parisinnm),
723 3257 885 3335 Maserius,
919 3266 955 3319 ut
977 3256 1105 3336 saepius
1129 3257 1252 3335 ineptit,

77 3356 113 3417 ita
135 3357 343 3420 debacchatur
366 3379 398 3438 p.
417 3363 512 3436 xxvr‘,
546 3366 590 3420 est
618 3376 692 3420 sane
722 3359 833 3420 mulier
854 3361 981 3440 (tanna
1003 3367 1141 3432 autentu,
1173 3377 1258 3420 scor-

74 3459 165 3538 pionis
176 3462 345 3542 peranssio,
371 3462 543 3542 iniquitatis
558 3461 622 3536 viu,
649 3461 746 3522 ianua
761 3461 885 3536 diaboli,
909 3479 1004 3544 panus
1020 3463 1098 3522 airis
1113 3461 1254 3536 nonium,

77 3565 173 3626 nentis
195 3571 301 3626 casta-e
323 3570 548 3638 tentamentum,
574 3562 657 3626 tabes
677 3567 791 3644 prima,
817 3566 920 3625 nisam
942 3561 1137 3640 inevitabilis,
1163 3580 1258 3624 urnas

78 3675 174 3728 reatris
196 3683 289 3747 quum
316 3665 496 3728 admovetur
518 3667 636 3746 stipula
665 3667 763 3748 ipttern
793 3667 980 3738 accendens,
1012 3666 1087 3746 quia
1116 3683 1190 3746 vera
1216 3673 1260 3727 est

79 3765 191 3831 Catonis
213 3769 374 3842 sententia,
414 3769 454 3830 ‘si
475 3768 588 3850 absque
614 3767 750 3847 foemina
778 3769 911 3831 uitandus
939 3775 1032 3845 esset,
1069 3775 1176 3829 nostra
1198 3786 1257 3828 non

76 3867 147 3947 [arnt
173 3874 239 3934 sine
267 3871 327 3933 diis
356 3870 571 3933 conversatio!
615 3890 669 3934 nea
697 3872 891 3934 omittendum
920 3879 965 3933 est
992 3869 1157 3932 Simonidis
1185 3871 1260 3952 quid

77 3983 145 4036 esset
161 3974 298 4054 foemina
316 3975 498 4056 interroputi
511 3991 701 4054 responsura,
731 3975 806 4036 ‘vi-ri
819 3972 1035 4055 naufrapium,
1061 3972 1168 4033 donatas
1185 3980 1259 4033 tem-

76 4085 187 4152 pestas,
218 4077 327 4157 quietis
358 4077 618 4157 impedimentum,
647 4095 746 4157 poena
776 4077 942 4154 cotidiana,
976 4076 1141 4156 captivitas
1164 4075 1255 4150 vitae,

75 4193 170 4260 pupna
193 4186 389 4259 sumptuosa,
422 4178 518 4241 bestia
542 4179 779 4256 contubernalis,
805 4179 893 4240 canis
916 4186 1039 4253 ornata,
1067 4178 1183 4238 rnatum
1205 4195 1259 4238 ne-

77 4282 259 4344 cessarium)
283 4300 351 4344 aum
374 4300 436 4364 qua
452 4284 482 4344 si
495 4283 563 4364 quis
579 4282 705 4344 versari
719 4281 807 4360 valet,
833 4289 868 4342 ut
885 4288 929 4342 est
944 4281 1027 4342 testis
1042 4281 1257 4360 Hipponacteo,

79 4381 146 4446 duos
168 4392 286 4447 tanturn
309 4383 428 4446 habebit
450 4383 515 4447 dies
538 4384 741 4462 dulcissimos,
766 4384 948 4464 nuptiarum
970 4385 1117 4444 attuariis
1132 4381 1256 4443 umoris.

79 4502 131 4546 non
152 4489 264 4549 mirum
287 4489 316 4550 si
335 4487 470 4568 flammis
491 4505 587 4570 panus
610 4495 654 4550 est
675 4487 785 4565 simile,
818 4505 912 4568 quum
934 4495 963 4548 et
985 4483 1139 4566 apostolus
1162 4485 1262 4566 inquit
