3156 5132
567 406 736 468 Annaeum.
1171 393 1244 463 357

70 601 167 677 Cures,
192 601 315 660 llatam.
334 617 382 660 7777
398 596 459 659 778
483 599 544 661 sun
560 596 702 660 Curibus.
749 616 822 658 nam
845 598 953 679 oppidi
971 616 1087 660 nomen
1104 616 1180 660 sanc
1197 599 1247 658 in-

69 713 168 785 eptum
195 711 289 764 esset.

145 803 267 868 Addam
290 806 341 868 his
362 805 423 866 alia
445 804 600 885 quaedam
624 823 706 886 quae
728 805 769 870 ad
791 806 962 868 Varronem
986 806 1159 886 portinent.

146 909 236 971 Libro
252 908 293 972 de
308 910 416 990 lingua
432 909 539 971 7377773
555 928 573 969 7
589 929 622 990 p.
641 911 680 970 ll
698 911 753 990 Sp.
771 909 849 971 0333
864 908 965 989 docet,
988 909 1131 991 oppidum
1146 912 1247 972 Inter-

66 1033 152 1075 amna
179 1013 291 1076 dictum
319 1012 399 1096 pud
428 1014 508 1075 inter
536 1015 636 1075 amnis
666 1021 710 1076 est
737 1014 938 1076 cannatum.
986 1014 1054 1075 item
1082 1009 1247 1076 Antemnae

66 1117 138 1197 quad
159 1124 228 1180 ante
250 1119 361 1197 amnis,
387 1134 448 1198 pua
461 1112 539 1178 Anio
567 1113 617 1198 (ita
641 1117 875 1178 Lachmannus:
901 1116 982 1178 Flor.
1000 1117 1119 1200 quanto]
1148 1118 1249 1199 influit

67 1223 95 1280 ln
113 1220 251 1296 Tiberim,
277 1220 355 1302 33377
376 1219 451 1282 03773
473 1220 552 1282 37373
574 1228 728 1302 acceptum
743 1223 907 1283 consenuit.
955 1219 1066 1282 eedem
1083 1222 1246 1283 nominum

65 1325 225 1404 explicatio
249 1334 281 1386 et
296 1333 421 1406 sumpta
436 1321 568 1385 tortasse
583 1342 601 1384 3
617 1325 756 1386 Varrone
772 1333 820 1386 est
834 1323 920 1404 apud
936 1325 1065 1386 Paulum
1081 1343 1114 1406 p.
1135 1323 1173 1386 77
1189 1326 1243 1404 H„

64 1447 194 1492 nnneses
216 1429 413 1510 appellantur
435 1425 525 1489 urbes
547 1427 624 1489 sitae
642 1446 739 1509 prope
761 1446 895 1504 amnem,
926 1435 960 1489 ut
981 1448 1001 1489 a
1021 1429 1104 1489 mori
1125 1429 1246 1491 mariti·

67 1549 136 1591 nae.
183 1531 264 1592 unde
286 1533 480 1593 Interamnae
502 1538 529 1592 et
544 1528 709 1592 Antemnae
730 1529 827 1592 dictae
849 1539 930 1610 sunt,
955 1531 1033 1614 quod
1048 1532 1127 1594 inter
1142 1550 1246 1595 amnes

64 1635 120 1694 sint
145 1636 262 1715 positae
291 1635 339 1697 uel
366 1640 436 1696 ante
465 1653 497 1696 se
525 1633 656 1697 habeant
684 1653 799 1696 amnes.
847 1635 964 1715 insigni
988 1643 1093 1697 autem
1115 1645 1251 1717 stupore

64 1735 174 1800 abusus
198 1755 268 1800 esse
289 1736 419 1800 videtur
442 1736 755 1816 eainterpretetione
771 1737 919 1817 lsldorus,
945 1738 1001 1818 qui
1016 1738 1104 1820 Orig.
1124 1757 1173 1800 mx
1188 1739 1207 1800 2
1224 1737 1243 1798 7

63 1836 132 1901 dum
156 1841 285 1904 navium
308 1849 416 1922 partes
438 1840 644 1921 persequitur
666 1840 708 1901 ita
731 1839 818 1920 dicit,
844 1849 1003 1904 antemnae
1024 1849 1124 1904 antem
1146 1841 1244 1904 dt'ctne

62 1944 132 2022 quad
153 1951 224 2006 ante
239 1962 358 2006 amnem
373 1945 434 2006 sint
445 1943 580 2024 positae:
600 1942 748 2026 praefluit
762 1931 846 2006 enim¹
863 1963 915 2008 ens
931 1947 1041 2007 amnis.
1067 1947 1299 2008 ·llemster-tae
1331 1924 1336 1938 ’

64 2046 167 2109 husius
181 2045 304 2110 Anccd.
330 2067 362 2129 p.
383 2047 442 2108 730
467 2047 525 2108 hac
546 2044 586 2108 ad
602 2047 750 2108 Varronis
774 2047 871 2110 verbe
894 2049 975 2110 mele
998 2048 1157 2111 intellecta
1177 2058 1244 2111 rct-

64 2149 144 2211 tulit:
172 2151 248 2212 mihi
265 2151 348 2212 Festi
373 2151 476 2231 potius
498 2149 699 2212 adnotatione
715 2148 853 2213 Isidorus
876 2150 1004 2214 videtur
1026 2170 1095 2214 esse
1110 2151 1240 2215 abusus.

141 2254 325 2316 Versiculus
347 2254 496 2316 Varronis
526 2255 601 2316 latet
632 2254 664 2316 iu
687 2253 763 2316 Arte
791 2256 994 2335 grammatica
1016 2249 1128 2318 luliani
1151 2257 1243 2318 Tole-

63 2357 202 2419 tani1l7
221 2357 280 2418 780
306 2357 417 2438 pat:
449 2358 542 2438 latet,
569 2359 715 2439 inquam;
750 2376 821 2419 nam
846 2359 879 2420 in
901 2378 1073 2440 paucorum
1096 2359 1243 2423 menibus

64 2458 138 2521 liber
153 2460 205 2523 illc
222 2469 378 2524 versatur.
417 2463 512 2524 Varro
538 2461 545 2494 ‘
551 2479 665 2542 ponam
680 2459 827 2524 bisulcum
842 2469 870 2524 et
883 2461 1129 2526 credrmodcsam
1144 2483 1244 2526 arnn-

64 2560 178 2624 dinem)
222 2563 370 2626 seuerius
391 2582 504 2628 versus
527 2565 569 2626 ita
594 2563 810 2627 restituendus
833 2575 892 2644 est,

252 2685 365 2748 ponam
387 2666 534 2730 7773373337
557 2675 585 2730 37
605 2666 816 2730 erebrinadam
839 2668 1033 2730 antudinam.

64 2765 237 2832 addendum
260 2779 309 2833 cst
329 2769 528 2834 crebrinadus
550 2770 672 2850 lexicis,
698 2789 780 2852 quae
802 2772 986 2834 multrnadns
1009 2771 1137 2835 habent.

143 2873 245 2936 XXVI.
272 2875 359 2947 Quae
382 2875 601 2936 Lachmannus
624 2876 657 2936 in
680 2877 903 2937 commentario
919 2877 1105 2938 Lucretiano
1128 2896 1159 2956 p.
1180 2878 1239 2938 790

66 2971 100 3034 de
122 2976 184 3037 cale
200 2976 282 3057 sacis
305 2977 521 3059 similiumque
543 2977 714 3040 verborum
738 2977 858 3061 duplici
880 2987 1023 3060 accentu,
1049 2981 1108 3042 hoc
1130 2990 1178 3043 est
1200 2981 1241 3044 de

65 3077 164 3140 737073
186 3080 219 3142 777
241 3078 321 3143 duas
343 3100 436 3144 voces
458 3080 582 3162 divisis,
607 3082 791 3162 disputavit,
816 3102 853 3144 33
875 3083 1054 3165 vituperate
1077 3085 1238 3166 assason,

65 3180 211 3244 conlatata
234 3201 305 3246 esse
329 3181 467 3246 nondum
491 3183 597 3247 credo.
644 3203 716 3247 nam
735 3186 872 3248 Lucretii
896 3186 974 3250 illud
994 3185 1072 3269 facit
1093 3207 1159 3267 are,
1181 3189 1241 3252 Ge-

66 3286 139 3346 tonis
155 3286 242 3367 serve
264 3286 337 3348 bene
355 3287 460 3368 saona,
479 3289 626 3350 Varronis
648 3288 788 3369 perferen
804 3291 847 3352 773
857 3291 902 3370 fit,
924 3289 1003 3370 facit
1011 3299 1114 3373 putre,
1132 3311 1242 3356 consue

66 3390 274 3470 pecualium,
300 3391 438 3453 emeande
460 3391 675 3472 meseonem,
701 3393 779 3454 0333
801 3395 905 3455 omnia
927 3395 1005 3456 mihi
1028 3394 1159 3476 quidem
1181 3397 1241 3459 ali-

66 3501 171 3568 quanto
197 3494 304 3555 minus
326 3494 406 3555 mira
429 3493 499 3556 lieri
521 3493 671 3558 videntur
692 3497 720 3558 si
743 3505 890 3577 putemus
914 3495 1052 3561 divisum
1074 3509 1240 3562 accentum

66 3591 100 3654 ad
126 3594 298 3658 traicienda
326 3599 438 3660 aliisve
468 3598 643 3661 interiectis
672 3597 855 3684 separanda]
877 3601 976 3666 verba
999 3603 1161 3666 invitasse.
1209 3613 1241 3666 et

67 3695 164 3759 videor
184 3698 263 3760 mihi
286 3697 444 3781 duplicem
470 3701 624 3764 eiusmodi
646 3701 794 3766 dictionis
816 3713 980 3767 accentum
1002 3707 1166 3769 manifesto
1182 3705 1240 3769 de-

68 3800 253 3876 prehendere
282 3802 367 3885 apud
390 3806 542 3867 Senecam
570 3804 611 3868 de
634 3808 699 3868 vita
721 3806 814 3869 03373
836 3827 905 3889 cap.
924 3809 965 3870 26
982 3811 1013 3872 2.
1059 3827 1112 3872 vas
1135 3811 1240 3890 inquit

66 3900 158 3968 damus
175 3905 331 3988 formasa,
357 3915 512 3990 tanquan
534 3927 588 3970 nee
610 3908 722 3972 ardere
743 3929 797 3972 nec
818 3929 910 3973 ruere
928 3913 1041 3993 possit,
1068 3913 1237 3991 insolentes,

68 4019 207 4090 conopes,
232 4016 386 4092 tamquam
405 4013 576 4094 pericnlum
598 4031 683 4075 omne
705 4014 951 4078 transcenderint
971 4017 1160 4098 maioresque
1179 4019 1242 4080 sint
1334 4059 1336 4063 ,

68 4107 136 4173 tubis
164 4130 254 4194 qnam
277 4112 384 4194 quibus
406 4115 616 4178 consumendis
639 4119 716 4179 satis
739 4119 852 4180 virium
874 4117 983 4182 77377337
1003 4121 1155 4199 Fortuna,
1187 4119 1239 4182 377-

68 4217 140 4294 stupe
165 4215 295 4296 fuerunt.
342 4218 370 4277 si
400 4217 479 4280 haee
507 4219 548 4280 ita
577 4221 836 4300 pronuntiamus,
867 4223 966 4283 373773
994 4222 1087 4305 plane
1111 4233 1142 4286 37
1165 4242 1240 4304 per-

69 4317 162 4394 spicua
185 4329 251 4382 est:
285 4330 393 4382 eontra
416 4320 549 4386 obscura
572 4334 620 4386 est
643 4332 673 4385 et
695 4323 822 4386 lieentia
845 4323 1016 4387 offendite
1039 4327 1146 4388 Latino
1169 4345 1240 4389 scr-

69 4433 156 4500 mone,
181 4421 300 4485 nedum
315 4442 333 4484 a
349 4424 489 4487 Senecae
505 4443 565 4490 usu
581 4427 696 4506 aliene,
721 4428 748 4488 si
764 4426 934 4490 scribimus
950 4437 982 4491 et
998 4431 1239 4511 pronuntiemus

70 4517 301 4608 obstupefaciant.
