3252 5130
348 399 427 474 638
749 413 793 474 Ex
815 432 912 474 ιιιιιι
936 399 1140 476 elnonensi

437 602 564 667 CXCIV.
612 603 806 666 Nicostratus
836 600 921 683 apud
952 601 1122 664 Stobaeum
1151 619 1236 664 ιιιιι
1259 602 1299 662 62
1329 610 1353 662 t.
1378 621 1413 663 ιιι
1438 623 1469 683 p.
1494 601 1526 663 ot

347 709 443 770 Mein.
468 697 549 776 tm<
575 701 627 788 μὲν
650 698 810 790 ἐργάζεται
837 699 888 768 καί
920 697 978 768 ἀπὸ
1000 707 1059 766 τῶν
1089 695 1180 788 ὤραν
1203 698 1320 789 ἀποζῇ,
1351 696 1423 768 οὐδὲ
1450 704 1528 768 ποθιῖ

350 806 514 894 θεραπείας
537 802 627 872 ίιεανὰ
649 801 731 893 αὖτῷ
752 801 804 872 καί
825 808 863 893 τῇ
886 802 1003 890 γυναικί
1024 801 1242 892 ἐργαζόμενος,
1267 797 1354 879 οὗτος
1376 801 1530 893 είύρόάρι

349 907 490 996 γυναικὸς
519 909 680 994 ἐπιθυμεῖ,
715 905 819 996 ἀγαθῇ
847 907 926 996 τύχῃ
947 908 1090 995 γαμείτω.
1137 929 1201 972 non
1228 909 1324 973 oredo
1355 911 1441 992 quod
1462 913 1530 972 llei-

350 1016 464 1078 nekius
478 1036 512 1097 p.
530 1033 566 1076 xv
589 1013 736 1092 eredidit,
763 1003 853 1096 ὤραν
877 1015 919 1076 ita
942 1014 1065 1080 servari
1088 1032 1179 1094 posse
1201 1022 1238 1076 ut
1252 1013 1397 1077 baiulum
1413 1015 1530 1076 intelle-

348 1137 476 1199 gamus,
508 1117 696 1199 praesertim
730 1135 800 1179 cum
827 1116 953 1180 baiulus
982 1135 1045 1178 non
1067 1113 1215 1178 videatur
1243 1126 1327 1180 recte
1357 1116 1421 1180 dici
1444 1112 1529 1201 ἐργί-

350 1219 470 1291 ζεσάαι.
516 1220 648 1282 Gesneri
675 1215 766 1284 πόνον
795 1220 991 1300 Nauckiique
1025 1213 1132 1302 ὀλίγων
1162 1217 1386 1299 probabilitate
1416 1231 1526 1284 carent.

347 1322 556 1386 scribendum
588 1332 636 1386 est
665 1316 768 1402 ὠνῶν,
801 1321 1037 1402 intellegendus
1059 1331 1164 1384 autem
1195 1323 1303 1404 opilex
1325 1325 1383 1405 qui
1406 1343 1528 1405 operum

351 1447 435 1509 quae
457 1425 569 1490 vendit
592 1426 704 1507 pretiis
726 1427 823 1488 vitam
845 1425 969 1486 tolerat.

436 1529 550 1592 CXCV.
598 1530 633 1591 ln
662 1530 709 1590 eis
745 1547 827 1608 quae
856 1526 1010 1610 Stobaeus
1039 1545 1127 1589 cxxix
1157 1529 1197 1589 38
1228 1547 1265 1590 ex
1294 1527 1419 1592 Aeliani
1447 1531 1528 1592 Varia

349 1634 481 1696 historia
509 1631 613 1694 adlert
641 1630 786 1692 homines
818 1628 945 1708 doctoS,
979 1632 1073 1694 etiam
1103 1631 1297 1694 liencherum
1320 1630 1445 1694 Aeliani
1466 1643 1487 1694 t.
1510 1653 1528 1694 ιι
1611 1703 1612 1710 γ

349 1757 381 1817 p.
403 1736 475 1815 ⁴89,
501 1735 680 1798 necessaria
697 1744 728 1796 et
743 1744 829 1796 certa
847 1731 1026 1796 emendatio
1041 1733 1131 1815 fugit.
1164 1753 1270 1814 neque
1287 1737 1374 1796 enim
1389 1734 1527 1798 Aelianus

286 1860 287 1864 ¹
347 1839 479 1920 scripsit
512 1830 681 1918 Φιλάνορος
719 1833 772 1899 καὶ
805 1831 958 1916 Καλλίας,
1000 1836 1059 1899 sed
1088 1829 1267 1920 Ἀμφίνομος
1299 1833 1351 1900 καί
1386 1832 1524 1909 Ἀναπίας.

348 1959 423 2003 nam
446 1939 532 2021 quod
554 1939 636 2001 dixit
657 1933 726 2011 τοὺς
748 1938 863 2002 ἑαυτῶν
885 1937 1017 2023 πατέρας
1039 1932 1196 2023 ἀράμενοι,
1220 1958 1283 2002 non
1306 1940 1465 2021 putandus
1486 1953 1526 2003 est

349 2045 442 2105 aliam
472 2063 569 2125 quam
598 2061 797 2105 communem
831 2041 944 2104 lamam
967 2053 1093 2105 secutus
1122 2061 1208 2120 esse,
1247 2041 1303 2104 sed
1332 2043 1462 2129 πατέρος
1486 2055 1526 2107 ost
1611 2075 1612 2124 j

346 2154 499 2227 parentes

437 2248 563 2310 CXCVI.
611 2249 702 2311 Teles
725 2246 851 2311 Stobaei
875 2267 895 2308 v
919 2249 958 2309 67
983 2256 1006 2309 t.
1033 2265 1042 2308 ι
1064 2268 1097 2329 p.
1117 2248 1177 2308 ⁴25
1201 2249 1240 2308 ol.
1271 2246 1367 2333 γέρων
1390 2248 1523 2333 γέγοναςε

349 2346 391 2434 μὴ
415 2348 499 2434 ζήτει
520 2346 557 2414 τά
579 2353 632 2414 τοῦ
653 2349 734 2414 νέου.
774 2345 904 2435 ἀσθενὴς
933 2344 1040 2414 πάλιν·
1072 2345 1113 2434 μὴ
1138 2344 1221 2435 ζήτει
1252 2347 1290 2414 τά
1317 2353 1371 2416 τοῦ
1400 2351 1525 2437 ἰσχυροῦ,

349 2452 458 2539 φορτία
481 2447 638 2540 βαστάζειν
661 2449 712 2516 καί
735 2453 1039 2539 διατραχηλίζεσθαι,
1070 2447 1138 2516 ἀλλ’
1172 2445 1271 2538 ὥσπερ
1302 2453 1446 2539 Διογένης
1472 2454 1530 2518 ἐπεί

348 2580 393 2628 τις
416 2548 491 2621 ὤθει
513 2552 564 2620 καί
586 2550 783 2643 ἐτραχήλιζεν
807 2550 940 2628 ἀσθενῶς
962 2553 1081 2642 ἔχοντα,
1109 2550 1144 2620 od
1168 2555 1430 2642 διετραχηλίίετο,
1459 2555 1529 2622 ἀλλά

349 2658 447 2731 δείξας
471 2653 554 2745 αὐτῷ
573 2655 622 2724 τὸν
645 2657 732 2723 κίονα
764 2654 942 2744 “dedecore”
969 2657 1047 2746 ἔφη,
1083 2663 1210 2724 ι’τοῦτον
1234 2652 1310 2724 ὤθει
1331 2655 1405 2746 πρὸς
1433 2656 1527 2726 τάδε”.

349 2762 480 2826 videtur
508 2764 586 2825 mihi
620 2763 796 2825 lleinekius
831 2781 937 2843 neque
967 2784 999 2844 p.
1024 2781 1060 2824 xv
1082 2783 1188 2844 neque
1216 2774 1239 2825 t.
1266 2781 1294 2824 ιι
1323 2784 1354 2845 p.
1381 2785 1417 2826 ιι·
1452 2777 1529 2828 reete

351 2865 520 2930 iudicasse.
553 2885 617 2930 non
640 2866 725 2928 enim
748 2884 827 2945 opus
843 2875 891 2928 est
912 2875 947 2928 ut
962 2857 995 2937 ἀς
1017 2864 1152 2928 addatur
1166 2876 1237 2947 post
1252 2865 1408 2951 Διογένης,
1433 2888 1530 2948 nequo
1611 2911 1612 2914 κ

350 2971 451 3049 magis
479 2978 514 3031 ut
545 2969 578 3032 in
602 2969 664 3031 fine
693 2967 815 3048 aliquid
844 2967 1001 3030 excidisse
1031 2979 1223 3046 statuamus,
1257 2980 1288 3032 et
1317 2971 1415 3034 multo
1444 2974 1530 3032 etiam
1611 2981 1612 2986 ’

352 3073 457 3135 minus
480 3069 676 3134 credendum
707 3081 754 3134 est
780 3069 865 3134 κίονα
895 3071 1031 3134 hominis
1059 3091 1174 3134 nomen
1205 3072 1389 3135 recondere.
1430 3075 1531 3154 negle-

291 3190 340 3238 ost
352 3176 480 3254 gentius
501 3173 642 3254 loquitur
656 3173 757 3254 TeleS,
782 3173 839 3236 sed
862 3184 898 3236 ιιι
921 3173 1010 3236 lacile
1026 3163 1138 3236 tamen*
1163 3175 1365 3255 intellegatur
1388 3177 1531 3239 boccum

350 3277 445 3356 velle,
467 3277 520 3358 soc
541 3283 576 3338 ul
597 3277 755 3359 Diogenes.
801 3287 833 3338 at
855 3295 917 3338 non
941 3286 1043 3356 potest
1066 3278 1207 3358 intellegi
1230 3272 1302 3362 πρὸς
1325 3271 1407 3356 τάδε,
1434 3299 1527 3360 neque

351 3380 409 3441 hoc
432 3380 656 3460 scriptumest
679 3379 711 3439 in
735 3378 816 3441 libro
839 3379 1050 3458 Bruxellensi‚
1075 3380 1132 3442 sed
1153 3374 1292 3464 προστάς.
1327 3383 1435 3462 itaque
1456 3383 1529 3444 scri-

350 3481 493 3545 bendum
523 3492 571 3543 est
598 3481 701 3545 τοῦτον
733 3472 810 3545 ὤθει
843 3475 1001 3567 προοοτοίς.
1054 3482 1189 3546 verbnm
1219 3483 1348 3546 videtur
1381 3503 1451 3546 esse
1478 3503 1528 3566 po·

350 3587 503 3648 loestrae:
529 3583 613 3646 Plato
628 3585 660 3646 in
677 3584 806 3647 Philebo
822 3605 854 3665 p.
874 3578 930 3646 llb
944 3580 1176 3670 προσιστυίρεθα
1200 3581 1236 3669 δὴ
1253 3580 1392 3671 καθάπερ
1409 3581 1526 3670 ἀθληταί

348 3682 422 3772 πρὸς
443 3687 547 3750 τοῦτον
569 3676 608 3750 αὖ
630 3681 679 3750 τὸν
701 3682 804 3770 λόγον.
851 3691 1037 3750 monstravit
1059 3699 1166 3752 autem
1187 3690 1343 3770 Diogenes
1365 3685 1415 3754 τὸν
1437 3689 1524 3764 πίονα,

350 3791 384 3853 id
418 3800 466 3853 est
501 3789 666 3852 tibicinem
702 3792 759 3870 qui
795 3799 913 3852 tectum
950 3789 1110 3853 fulciebat.
1158 3794 1320 3871 pertinent
1357 3794 1418 3856 huc
1454 3811 1525 3874 quae

351 3893 525 3956 Lobeckius
558 3891 654 3954 habet
685 3891 790 3956 Aiacis
821 3913 853 3973 p.
881 3894 941 3956 loo
969 3894 1066 3975 (tat).
1113 3905 1267 3958 secuntur
1295 3895 1389 3974 haec,
1426 3887 1525 3980 ἄπορος

349 3990 439 4060 πάλιν
461 3994 605 4080 γέγονας·
636 3989 677 4078 μὴ
701 3989 784 4078 ζήτει
811 3991 864 4079 τὴν
892 3999 944 4059 τοῦ
972 3989 1100 4080 εὐπόρου
1131 3994 1265 4073 δίαιταν,
1297 3990 1367 4060 ἀλλ’
1398 3993 1438 4070 ἀς
1463 3993 1524 4082 πρὸς

349 4092 399 4161 τὸν
430 4092 506 4182 ἀέρα
534 4092 650 4182 popolo-cp
684 4093 796 4178 (εὐδία,
822 4097 986 4174 διεστείλιυ,
1021 4100 1133 4184 ψῦχος,
1165 4096 1350 4180 uocemue,
1383 4093 1458 4165 οὕτω
1482 4095 1523 4162 καί

350 4196 423 4285 πρὸς
444 4195 482 4263 τά
504 4195 677 4285 ὑπάρχοντα
701 4196 735 4263 δι’
762 4194 903 4286 εὐπορίαν
927 4196 1111 4278 oetaeum,
1142 4194 1267 4286 ἀπορίαν
1298 4199 1350 4265 καὶ
1372 4199 1520 4268 censiles.

351 4314 436 4366 recte
459 4304 635 4367 Meinekius
664 4301 715 4366 καί
743 4303 828 4384 quod
857 4304 931 4366 libri
965 4306 1049 4366 inter
1071 4299 1155 4368 εὐδία
1185 4315 1217 4366 et
1239 4304 1393 4370 διεστείλυυ
1420 4307 1521 4369 habent

351 4405 525 4468 delendum
559 4425 628 4469 esse
664 4408 798 4470 censuit.
852 4424 914 4486 quo
951 4409 1050 4488 magis
1085 4409 1181 4469 miror
1213 4427 1284 4471 eum
1323 4413 1520 4492 proximonum

352 4508 605 4572 emendationem
641 4529 705 4573 non
740 4507 925 4572 adsecutum
963 4528 1043 4572 esse.
1092 4512 1272 4574 continuata
1309 4516 1393 4576 enim
1426 4511 1521 4578 eodem
1589 4521 1592 4525 ’
