3156 5132
337 388 410 461 316
730 403 773 463 Ex
795 421 891 464 nrum
915 405 1122 466 unonnmsr.

336 586 501 675 Εὐμενίδας
523 587 574 654 καὶ
595 587 649 675 τὴν
672 586 810 677 λοιμικὴν
833 586 919 655 νόσον
944 587 1038 677 ἱεράν,
1063 584 1104 663 ὡς
1124 589 1175 654 καὶ
1192 588 1388 677 Καλλίμαχος
1409 597 1495 676 “ieo-

336 691 456 779 δόμενοι
478 689 507 756 δ’
536 689 617 779 ἱερὴν
640 689 837 779 φημίζομεν.”
885 697 997 776 pingui
1020 695 1120 776 magis
1142 691 1282 758 llinerva
1306 705 1434 777 egerunt
1453 695 1496 776 qui

336 798 522 861 comitialem
553 797 695 861 morbum
719 798 835 861 utalia
857 800 977 861 scilicet
1000 818 1111 880 magna
1134 819 1259 862 sacrum
1281 809 1422 862 vocatum
1442 817 1498 860 esse

335 911 523 966 statuerunt.
571 903 617 963 eis
639 921 719 983 quos
740 912 832 964 antea
855 904 1093 966 commemoravi
1116 901 1198 966 addo
1221 903 1433 981 Plutarchum,
1455 902 1498 982 qui

336 1007 376 1069 de
399 1007 526 1068 solertia
548 1005 731 1068 animalium
754 1024 822 1086 cap.
841 1006 881 1067 32
905 1027 937 1088 p.
956 1007 1012 1067 98⁴
1041 1007 1088 1069 sic
1111 1007 1260 1086 loquitur,
1284 1000 1318 1070 τὸ
1342 1004 1375 1069 δὲ
1392 999 1499 1069 τοῦάν-
1572 1007 1573 1020 ³

335 1107 404 1174 dicu
433 1101 682 1192 θαυμασιώτατόν
710 1107 807 1186 ἐστιν,
836 1099 872 1172 ‘du
886 1101 1019 1194 Ὅμηρος
1043 1104 1121 1194 ἱερὸν
1144 1105 1233 1194 ἰχθῦν
1256 1105 1389 1194 εἴρηται·
1419 1106 1500 1172 καίτοι

336 1213 429 1298 μέγαν
457 1209 534 1284 τινὲς
563 1207 676 1275 οἴονται
702 1209 752 1275 τὸν
782 1205 878 1296 ἱερόν,
908 1207 1046 1297 καθάπερ
1074 1208 1179 1276 ὀστοῦν
1208 1209 1286 1298 ἱερὸν
1313 1208 1347 1276 τὸ
1370 1207 1500 1298 μέγακαὶ

334 1311 387 1380 riu
410 1312 568 1400 ἐπιληψίαν
592 1307 726 1399 μεγάλην
749 1309 835 1379 νόσον
857 1305 950 1379 οὖσαν
974 1311 1054 1401 ἱερὰν
1077 1317 1238 1381 καλοῦσιν·
1266 1313 1500 1384 irretitionis
1571 1297 1573 1320 ³

334 1415 384 1483 τὸν
407 1411 517 1505 ἄφετον
540 1413 590 1480 καὶ
613 1412 786 1503 ἱερώμενον.

420 1523 536 1584 Omitta
559 1522 631 1598 alia,
655 1541 760 1602 neque
783 1541 819 1584 ca
842 1541 1049 1586 commemoro
1071 1543 1152 1605 quae
1175 1525 1369 1605 grammatici
1390 1533 1423 1585 ut
1438 1516 1500 1605 ἱερὸν

336 1621 423 1712 ἰχθύν
448 1635 479 1688 et
503 1619 580 1710 ἱερὸν
603 1619 708 1689 ὀστοῦν
723 1626 849 1706 aliaque
864 1628 979 1689 similia
994 1627 1189 1708 explicarent
1205 1627 1418 1708 disputarunt.
1453 1623 1498 1684 sed
1571 1623 1573 1646 *

336 1732 484 1812 quoniam
506 1730 587 1791 sacri
609 1730 689 1791 ossis
711 1730 829 1792 mcutio
851 1730 930 1792 iacta
946 1739 994 1792 est
1009 1741 1079 1793 utar
1095 1732 1153 1793 bac
1167 1731 1329 1794 occasione
1345 1740 1380 1792 ut
1395 1729 1499 1810 epistu-
1571 1717 1573 1756 ³

335 1835 396 1895 lam
420 1834 583 1895 Frontonis
611 1832 652 1895 ad
674 1835 790 1895 amicos
812 1853 822 1895 r
841 1833 879 1893 li
902 1832 955 1916 [p.
975 1837 1038 1901 ¹32
1053 1833 1113 1918 NJ,
1144 1853 1239 1915 quam
1261 1833 1302 1896 ad
1325 1834 1499 1896 Victorinum
1572 1835 1573 1838 ’

335 1955 487 2018 generum
511 1937 648 2016 scripsit,
675 1935 854 1999 emendem.
894 1955 963 1999 eam
979 1940 1077 2000 llaius
1095 1957 1167 2002 cum
1182 1939 1391 2000 Frontoniaua
1405 1937 1499 1997 lionae

336 2041 447 2105 ederet
470 2041 510 2101 ita
534 2040 680 2120 scriptam
704 2038 810 2119 dedit,
845 2041 989 2103 Graviter
1010 2043 1110 2104 oculos
1132 2043 1216 2104 dolui
1239 2089 1246 2103 .
1274 2088 1281 2102 .
1308 2041 1411 2102 nulius
1431 2037 1500 2100 dolor

339 2193 345 2206 .
373 2192 380 2206 .
409 2190 417 2205 .
442 2151 496 2205 aut
521 2191 528 2204 .
557 2189 563 2202 .
589 2145 695 2205 interis
726 2189 733 2202 .
762 2189 769 2203 .
801 2151 854 2205 out
882 2146 1029 2208 intercuti
1055 2143 1232 2207 oriebantur
1262 2147 1341 2206 inter
1370 2144 1497 2205 naucum.

338 2250 449 2310 Graeci
470 2249 553 2308 ieron
576 2254 669 2326 osten,
696 2245 857 2309 Suetonius
877 2248 1071 2329 Troumtiiius
1094 2249 1214 2331 spinum
1235 2266 1360 2334 sucrum
1374 2245 1498 2328 oppdiot.

294 2358 388 2434 tleqo
416 2367 462 2411 me
489 2367 584 2429 neque
607 2351 756 2412 Groemm
784 2369 877 2433 nepte
899 2353 1039 2413 Lotr'num
1068 2351 1246 2414 vocobulum
1273 2352 1368 2413 ullius
1390 2337 1503 2410 cumbri
1572 2415 1573 2440 1

336 2473 424 2518 nosse
452 2452 591 2528 nioliem,
626 2453 699 2515 dum
727 2456 815 2516 istius
843 2455 957 2518 doloris
986 2473 1100 2537 empers
1129 2457 1223 2517 vitum
1251 2455 1400 2538 degerem.
1442 2451 1500 2512 olim
1572 2445 1573 2531 i

338 2559 463 2621 initium
486 2557 640 2636 epistulae
663 2557 756 2620 aliter
776 2559 958 2640 scripserat.
1006 2558 1046 2621 de
1069 2578 1132 2641 quo
1155 2557 1234 2639 quid
1255 2557 1453 2620 statuendum
1471 2554 1500 2614 sil

337 2662 400 2724 dici
430 2679 493 2722 nou
524 2669 625 2741 potest
654 2671 823 2742 antequam
855 2662 973 2724 veteris
1000 2660 1073 2723 libri
1097 2661 1234 2725 schedae
1256 2660 1438 2742 diligentius
1457 2677 1502 2718 ex·

338 2767 476 2846 ploratac
504 2774 616 2843 emnt,
649 2776 761 2845 estque
790 2764 823 2827 id
854 2766 886 2827 in
908 2767 1125 2829 Frontonianis
1147 2767 1293 2847 reliquiis
1315 2765 1440 2826 omnino
1459 2779 1504 2821 oe-
1571 2797 1572 2816 .

339 2870 520 2932 cessarium.
567 2866 623 2929 sed
652 2854 813 2946 intercuti,
846 2869 930 2949 quod
959 2881 1034 2950 puto
1057 2871 1170 2933 lllaium
1192 2871 1334 2953 aliosque
1357 2868 1398 2931 ab
1420 2868 1503 2929 inter·

338 2969 496 3033 nascendo
525 2969 713 3049 deduxisse,
747 2971 825 3053 quid
856 2973 898 3035 sit
919 2971 1118 3035 manifestum
1142 2975 1176 3036 fit
1198 2983 1285 3037 certa
1308 2973 1503 3055 proximomor

339 3072 509 3136 verborum
543 3075 773 3137 emendatione.
821 3078 947 3158 scripsit
975 3077 1061 3138 enim
1091 3079 1202 3140 Fronto
1227 3124 1234 3138 .
1263 3123 1270 3138 .
1296 3083 1351 3138 ortt
1379 3069 1504 3137 mtemot'

337 3176 523 3240 oriebantur.
557 3179 760 3240 internatium
778 3180 889 3242 Graeci
910 3174 988 3264 ἱερὸν
1010 3174 1127 3260 ὀστοῦν,
1147 3182 1307 3243 Suetoniiu
1327 3175 1503 3260 Tranptiiiut

337 3283 458 3362 spinum
478 3299 601 3343 sacram
616 3282 759 3363 appellat.
807 3285 969 3346 internatii
985 3284 1173 3346 vocabulum
1188 3283 1293 3346 adbuc
1308 3281 1502 3365 ignorabatur.

337 3385 452 3447 similia
474 3395 577 3448 autem
601 3395 676 3446 suot
699 3386 806 3467 multa,
832 3407 914 3468 quae
937 3387 1128 3452 enumerabo
1151 3391 1301 3469 quoniam
1321 3387 1433 3468 partim
1448 3399 1503 3444 rara

337 3496 411 3550 sunt
427 3497 459 3550 ct
475 3489 506 3550 in
524 3490 655 3552 vetustis
670 3499 792 3552 tantum
808 3491 965 3572 glossariis
982 3493 1206 3554 inveniuntur:
1229 3491 1412 3554 intercilium
1426 3490 1504 3550 mter-

336 3591 519 3654 coiumnium
531 3593 747 3676 interdipdium
758 3593 992 3676 interfeminium
1004 3596 1203 3658 interlunium
1213 3597 1415 3657 intermetium
1427 3595 1504 3654 inter·

337 3695 494 3757 mundium
523 3697 725 3758 internodium
752 3699 1015 3762 iutemrundiuium
1043 3699 1277 3762 interordinium
1299 3695 1502 3780 interponitur

338 3799 575 3861 interscoimium
591 3800 828 3882 interscopilium
844 3803 1050 3885 intortipnium
1066 3804 1277 3864 interveniam.
1311 3802 1415 3884 paullo
1429 3799 1503 3862 aliter

337 3901 488 3964 dicuntur
520 3904 729 3984 interpretium
763 3915 794 3966 et
823 3905 1056 3968 interusurium.
1103 3907 1163 3967 iam
1198 3905 1305 3968 videat
1341 3905 1416 3966 mibi
1446 3901 1503 3982 quis
1568 3931 1569 3999 p

338 4004 493 4086 quomodo
520 4007 684 4068 Frontonis
713 4007 813 4070 verba
841 4008 1120 4072 licilierscbeidius
1149 4009 1182 4071 iu
1205 4011 1348 4071 Suetonii
1380 4003 1502 4086 reliquiis
1568 4003 1569 4075 l

338 4129 370 4190 p.
394 4108 454 4170 273
486 4111 643 4172 tractarit:
676 4110 842 4193 adparebit
873 4131 939 4174 rem
969 4132 1032 4175 non
1064 4101 1268 4175 intellexisse.
1316 4129 1419 4192 neque
1445 4121 1500 4169 curu

338 4213 479 4274 Suetonii
510 4215 631 4295 spinam
660 4233 781 4278 socrum
812 4215 852 4278 ad
881 4216 1000 4277 librum
1022 4216 1091 4277 eius
1113 4217 1168 4296 qui
1192 4215 1324 4300 eratde
1346 4216 1428 4276 vitiis
1446 4225 1501 4271 cor-

337 4314 500 4397 poralibus
523 4319 644 4380 rettulit
667 4320 783 4381 maiore
806 4339 900 4400 quam
920 4339 1015 4400 saepe
1029 4319 1107 4380 alias
1123 4319 1193 4380 iure
1207 4337 1285 4382 usus
1303 4329 1363 4382 est.
1400 4317 1500 4398 quippe

339 4421 508 4484 Suetonius
530 4419 562 4480 in
586 4421 664 4482 viris
687 4422 876 4486 inlustribus
892 4424 969 4485 baec
985 4422 1076 4501 dixit,
1101 4423 1237 4485 llessuio
1254 4423 1401 4484 Corvinus
1414 4423 1499 4481 orutrr
1567 4413 1568 4461 ἶ

339 4531 408 4586 onte
429 4523 580 4587 durantum
602 4543 692 4605 quam
715 4535 884 4590 moreretur
905 4527 949 4589 ito
971 4527 1146 4588 memoriam
1168 4545 1205 4589 ec
1226 4543 1350 4589 sensum
1371 4519 1498 4587 umisitul
