3178 5136
369 375 445 446 494
766 389 809 448 Ex
832 407 928 451 uanus
950 391 1155 452 Banonrnansr.

367 577 505 654 meatui,
535 579 723 662 παραχρῆμα
746 574 779 640 δὲ
802 570 1068 661 ἀναμαχεσάμενος
1091 576 1134 649 sla
1156 571 1253 663 φυγὴν
1275 577 1373 662 spinal
1391 573 1432 641 nir
1449 574 1503 640 Ma·

367 681 489 764 ξιμῖνον.
536 699 710 762 anonymus
732 681 845 763 valesii
868 700 896 742 c.
917 681 954 740 l3
977 681 1032 742 saa
1053 699 1195 762 oppresso
1211 684 1365 744 naamon
1379 697 1505 744 marea-

367 789 460 865 pissel
482 784 603 845 lmlicm
620 784 844 858 Constantinus,
869 783 923 846 tac
943 784 1091 846 Liciniam
1110 783 1231 864 saedere
1253 783 1312 846 sili
1329 783 1397 864 fecit
1413 784 1507 864 adrnnpi

367 895 401 950 ut
434 888 567 948 Licinius
599 886 803 948 Constantiam
839 905 974 948 sororem
1008 887 1198 948 Constantini
1233 885 1317 968 apud
1345 887 1505 950 Mediolanum

367 991 509 1052 amasa
529 1008 670 1050 warenn.
716 991 831 1070 nuptiis
860 987 1019 1051 caetratis
1042 989 1161 1051 Gallias
1190 990 1298 1070 repetit
1321 990 1506 1058 Constantinus,

367 1094 481 1154 Licinio
503 1092 545 1153 od
567 1093 723 1173 Illyricum
745 1110 879 1154 reverso.
913 1089 1062 1154 Aurelius
1077 1093 1182 1153 Victor
1196 1093 1281 1171 Epit.
1300 1111 1329 1152 o.
1348 1093 1383 1152 42
1404 1091 1437 1152 de
1450 1091 1509 1151 Con·

368 1196 505 1256 stantino
528 1195 575 1256 llic
597 1213 731 1256 sororem
753 1213 841 1255 suam
867 1195 1073 1256 Constantiam
1095 1196 1209 1256 Lemnio
1232 1195 1425 1256 Mediolanum
1443 1195 1510 1254 accito

370 1298 530 1380 mnianpit.
567 1299 672 1377 itaque
694 1295 826 1377 adparet
841 1297 1084 1359 Theomnastum
1106 1297 1272 1377 aequalem
1288 1297 1383 1359 fuisse
1397 1295 1509 1376 Apsyrto,

368 1419 464 1480 quem
488 1401 604 1462 scimus
627 1400 804 1479 imperante
827 1399 1029 1461 Constantino
1052 1398 1092 1460 ad
1115 1400 1230 1461 Istrum
1253 1400 1410 1461 militasse.

454 1529 513 1589 LV.
560 1527 638 1590 Cum
653 1546 758 1608 nuper
773 1527 805 1589 in
828 1529 984 1607 prooemio
1007 1526 1122 1588 Indicis
1138 1527 1309 1589 lectionum
1324 1537 1432 1590 aestate
1445 1525 1514 1588 huius

367 1633 442 1692 anni
465 1649 617 1692 anacam
644 1631 780 1692 Berolini
811 1629 1028 1692 habendarum
1056 1628 1096 1690 dc
1127 1629 1278 1692 Helladiis
1307 1631 1472 1692 Besantinoo
1493 1637 1514 1688 et

368 1732 583 1795 Alexandrino
613 1731 808 1812 disputarem
839 1731 1000 1794 exciderat
1034 1733 1110 1793 mihi
1141 1733 1246 1794 nescio
1268 1751 1332 1813 quo
1354 1741 1435 1812 pacto
1453 1728 1514 1809 quod

368 1837 442 1897 olim
467 1837 604 1916 legeram
628 1837 661 1895 in
684 1833 898 1896 Theodosiana
921 1833 1029 1898 codice
1052 1853 1081 1896 rr
1097 1835 1150 1895 tl.
1197 1836 1294 1916 lmpp.
1318 1834 1476 1896 Theodosias
1487 1829 1512 1890 A.

368 1946 397 2000 et
423 1939 650 2000 Valentini-'anas
675 1938 790 1999 Caesar
809 1937 963 2018 Theophila
985 1939 1014 1999 V.
1035 1940 1068 1998 P.
1089 1939 1309 1998 Grammaticos
1334 1939 1452 1999 Graecos
1464 1935 1515 1995 llei-

369 2041 486 2101 ludium
508 2047 535 2102 et
558 2041 734 2120 Syrianam,
760 2041 901 2102 latinam
928 2039 1127 2120 Theophilum,
1161 2040 1311 2121 sophistas
1334 2041 1482 2104 Martinam
1497 2043 1514 2095 et

369 2145 542 2204 Mammam
571 2151 597 2204 et
631 2145 710 2204 iaris
740 2145 874 2224 peritam
904 2145 1058 2204 Lanatam
1087 2143 1205 2223 placuit
1232 2143 1380 2204 honorari
1404 2139 1516 2204 codicillis

368 2246 523 2306 comitivae
545 2245 662 2309 ordinis
681 2247 779 2326 primi
799 2245 861 2306 iam
882 2265 963 2307 nunc
986 2264 1006 2306 a
1027 2253 1134 2306 nostra
1148 2247 1303 2308 maiestate
1321 2245 1468 2327 perceptio,
1487 2243 1516 2300 ita

367 2355 402 2408 ut
417 2365 521 2408 eorum
537 2349 589 2428 pai
602 2357 674 2410 sant
688 2367 730 2410 em
745 2351 870 2410 vasoriis
885 2349 1028 2430 dipnilate
1046 2350 1216 2428 poliantur.
1241 2383 1284 2393 -
1306 2347 1369 2410 dal.
1387 2348 1429 2408 ld.
1446 2347 1514 2407 llari.

372 2450 628 2530 Constantinopoli
645 2450 801 2512 Theodosio
823 2447 860 2511 d.
879 2472 912 2512 m
932 2457 960 2511 et
980 2449 1186 2512 Valentiniano
1206 2469 1287 2512 cons.
1315 2452 1369 2530 qui
1384 2455 1516 2512 annusest

367 2551 532 2614 aChristo
555 2561 627 2614 nato
651 2571 755 2614 anxur.
787 2572 849 2615 non
872 2551 982 2614 dubito
1006 2553 1191 2633 intellegere
1215 2552 1390 2615 Helladium
1409 2551 1518 2613 Alexan·

367 2653 506 2715 drinum.
547 2655 626 2716 vixit
649 2655 746 2734 igitur
775 2675 873 2718 senex
895 2649 971 2717 κατὰ
993 2649 1153 2718 Θεοδόσιον
1175 2649 1225 2717 τὸν
1248 2653 1375 2738 βασιλέα
1395 2649 1440 2716 τὸν
1458 2649 1515 2724 olor,

368 2767 401 2818 nt
431 2755 545 2818 Suidas
575 2758 628 2818 ait.
676 2775 781 2836 neque
815 2759 956 2839 ineptum
991 2768 1038 2820 est
1072 2756 1156 2838 quod
1186 2756 1394 2820 Gotholredus
1415 2753 1517 2817 coniecit

367 2861 533 2939 scripsisse
564 2879 635 2922 eum
671 2869 934 2922 conmemoratum
964 2881 981 2923 a
1011 2859 1108 2923 Suida
1137 2851 1282 2922 Ἔπαινον
1311 2855 1458 2928 Θευδοσίας
1482 2855 1518 2916 roi

368 2959 514 3044 βασιλέως
537 2973 572 3023 ut
595 2971 737 3024 mutuum
761 2963 942 3042 imperatori
967 2961 1126 3024 redderet.

454 3091 526 3150 LVI.
573 3092 674 3170 Saepe
698 3090 732 3151 fit
754 3091 786 3151 in
810 3091 860 3153 his
883 3090 996 3152 studiis
1013 3092 1223 3171 grammaticis
1238 3100 1274 3154 ut
1291 3089 1410 3171 aliquid
1425 3087 1519 3169 primus

368 3193 545 3271 repperisse
563 3191 620 3253 tibi
637 3191 765 3254 orideare
781 3194 973 3274 inventoque
989 3195 1134 3274 quamvis
1149 3194 1263 3274 pusillo
1278 3191 1422 3274 gaudeas,
1438 3197 1518 3271 postet

367 3302 472 3354 autem
495 3295 659 3374 intellegas
681 3295 756 3355 olim
779 3294 877 3357 luisse
900 3297 955 3376 qui
978 3294 1063 3357 idern
1086 3295 1243 3373 viderent,
1271 3295 1328 3358 sed
1350 3293 1458 3358 deinde
1476 3307 1518 3349 ne·

367 3394 502 3476 glectnm
526 3396 604 3458 illud
635 3415 705 3457 esse
734 3406 788 3458 aut
810 3415 907 3476 pravo
938 3397 1053 3460 iudicio
1083 3407 1237 3478 spretum.
1280 3397 1392 3460 accidit
1413 3395 1444 3458 id
1462 3389 1518 3454 mihi

327 3517 473 3579 sanuper
496 3501 528 3560 in
552 3487 784 3578 epigrammate
807 3498 924 3561 codicis
939 3501 1080 3562 Vossiani
1096 3499 1181 3580 quod
1203 3501 1236 3562 in
1255 3501 1351 3563 Riesii
1366 3493 1519 3574 Anthologio

368 3603 475 3663 Latina
497 3620 625 3663 carmen
649 3611 697 3663 ost
719 3620 803 3678 carr,
830 3603 862 3661 in
884 3603 1118 3664 Burmanniann
1140 3603 1231 3666 1135.

522 3757 598 3819 Fata
616 3773 674 3838 per
694 3756 845 3822 namanes
866 3757 973 3818 solitas
992 3773 1194 3838 praenoscere
1213 3756 1308 3836 fibras

571 3860 682 3939 impius
704 3859 850 3939 infandae
872 3859 1028 3942 relipionia
1054 3875 1126 3940 apes

518 3962 649 4041 pectoris
671 3961 796 4043 inpenui
816 3963 959 4024 salientia
980 3963 1101 4023 viscera
1119 3962 1251 4042 flamma

572 4064 723 4144 imposuit,
748 4065 862 4146 mapioo
884 4066 1020 4126 earmina
1042 4066 1126 4146 rupit
1146 4063 1278 4140 humum,

522 4183 617 4228 ausus
639 4165 678 4227 all
701 4166 812 4247 Elysiis
836 4167 1006 4246 Pompeiam
1027 4165 1137 4228 ducere
1158 4169 1284 4249 eampis.

570 4286 628 4348 pro
647 4269 759 4349 pudor,
785 4268 838 4330 ltoc
860 4285 984 4330 somam
998 4271 1131 4351 diapente
1152 4277 1188 4332 ut
1209 4270 1377 4350 aspiceret?

522 4371 620 4444 stalle,
646 4371 719 4454 qaid
741 4370 870 4452 infernis
895 4371 1064 4452 Pompeium
1086 4373 1208 4452 pauoris
1231 4372 1262 4433 in
1284 4368 1419 4433 ambria?

570 4489 631 4535 nm
649 4474 746 4554 poma
767 4475 859 4536 arra
881 4473 1009 4556 spirim
1031 4475 1087 4536 aa
1105 4477 1216 4555 ment.
1413 4469 1416 4472 ‘
