3156 5132
582 437 751 499 Αιιιιιυιι.
1191 422 1264 494 343

78 651 195 692 navem.
243 649 343 711 ιγυυια
374 649 436 692 non
467 627 579 691 dubito
601 627 807 690 scribendum
833 648 901 690 csse
925 621 1034 712 φόρτον
1057 622 1087 689 δ’
1114 627 1146 690 ἐν
1169 621 1266 690 πάντα

79 731 261 813 τίλλεσθαιἿ.
309 731 370 794 Od.
389 751 423 793 ιιι
442 732 501 792 ⁴53
525 727 628 816 ι’,ὦδαν
652 726 682 793 δ’
709 728 739 794 οἳ
761 728 814 815 μὲν
836 730 907 802 νέας
921 730 1048 815 δλκομεν
1064 729 1107 802 εἰς
1123 724 1184 796 ἅλα
1198 729 1265 794 δῖαν

80 830 222 920 Κτήματό
244 830 273 898 τ’
300 833 501 918 ἐντιθέμεσθα
524 827 718 920 βαλλυζοόνους
740 857 773 898 τε
795 835 949 919 γυναῖκας.

157 941 236 1002 xvi.
262 937 476 1002 Memorabilia
500 939 596 1000 mullo
621 941 762 1002 eontinet
784 957 860 1019 pars
882 938 936 1000 illa
959 957 1040 1019 qnae
1062 937 1103 1000 ad
1119 957 1175 1000 nos
1190 957 1266 1019 per-

78 1045 159 1104 senit
189 1044 438 1124 Strategioorum
468 1043 765 1106 commentariorum
796 1042 940 1119 Aeneae,
972 1041 1030 1104 sed
1060 1039 1171 1104 eadem
1202 1051 1266 1104 tarn

77 1147 188 1208 misere
211 1151 361 1228 corrupta
385 1156 433 1208 est
455 1155 490 1208 ul
512 1147 567 1207 vix
590 1147 653 1208 ullo
677 1146 718 1208 sit
740 1148 810 1208 eins
832 1146 948 1227 pagina
971 1146 1004 1206 ln
1027 1163 1090 1226 qua
1113 1164 1176 1207 non
1195 1163 1267 1207 soe-

77 1251 144 1331 pios
166 1251 301 1312 haereas
322 1249 520 1330 aliorumque
543 1269 635 1330 opem
660 1247 778 1312 frustra
801 1248 1049 1328 circumspicias,
1097 1249 1156 1312 elsi
1180 1249 1266 1310 enim

75 1352 112 1415 ad
134 1351 391 1416 emendationem
415 1363 521 1414 nostra
544 1363 646 1414 octale
669 1351 847 1434 probabilia
863 1371 926 1413 non
943 1371 1042 1433 pauca
1058 1351 1162 1415 adlata
1178 1361 1263 1429 sunl,

78 1458 162 1537 longe
193 1467 300 1518 lamen
324 1457 423 1517 maior
444 1457 594 1517 viliorum
618 1475 693 1536 pars
716 1465 770 1519 aut
794 1457 910 1517 intaeta
934 1457 1125 1518 mansitant
1149 1471 1266 1536 perpe-

77 1579 136 1621 ram
160 1571 257 1640 alque
281 1557 367 1620 band
391 1561 433 1621 ita
453 1577 524 1620 raro
540 1559 730 1640 contemptis
746 1557 825 1621 adeo
842 1557 952 1620 Graeci
970 1561 1125 1622 sermonis
1142 1558 1266 1640 legibus

76 1673 202 1725 lraolala
233 1673 292 1723 est.
342 1663 449 1743 ileque
480 1683 596 1743 operae
625 1664 764 1744 prelium
795 1660 936 1724 lecturus
959 1681 1029 1724 esse
1054 1663 1129 1723 mibi
1155 1661 1266 1724 videor

76 1767 98 1828 si
122 1785 161 1828 err
186 1766 308 1846 ingenti
337 1765 591 1828 foedissimorum
616 1764 689 1826 iibri
715 1764 806 1828 valde
830 1765 916 1827 utilis
939 1765 1132 1827 macularum
1158 1766 1266 1828 mulli-

77 1868 182 1932 tudine
213 1870 333 1950 aliquot
363 1869 474 1932 sallem
504 1869 620 1931 tollam.
669 1880 740 1932 utar
768 1879 874 1931 aulem
898 1870 1039 1932 oratione
1063 1869 1262 1946 brevissima,

76 1992 111 2033 ne
133 1973 287 2035 lectorum
311 1971 427 2036 iudicio
451 1972 600 2036 dillidere
624 1971 737 2034 videar
759 1991 842 2033 neve
869 1971 946 2033 mibi
970 1991 1100 2034 neeesse
1124 1973 1166 2034 sil
1187 1972 1265 2034 elios

77 2075 323 2157 reprehendere.

157 2179 269 2242 Scribo
300 2180 398 2260 igilur
425 2195 495 2260 eap.
514 2179 570 2240 δῦ
593 2175 623 2242 οἳ
645 2175 699 2261 μέν
729 2172 787 2263 γὰρ
809 2173 975 2263 ἠποροῦντο
997 2169 1018 2263 ᾗ
1042 2172 1103 2263 χρὴ
1128 2177 1266 2262 σωθῆναι

77 2278 122 2344 διὰ
150 2277 204 2355 τὰς
226 2276 347 2368 φρόξεις
369 2285 427 2346 τῶν
451 2275 591 2366 ἁμαξῶν,
625 2277 655 2346 οἳ
678 2278 711 2344 δὲ
733 2279 881 2367 ἐμπείρως
904 2275 1062 2353 διώκοντες
1084 2276 1163 2366 ταχῦ
1184 2283 1264 2344 πολ-

76 2380 140 2457 λοῦς
170 2383 329 2471 ἔφθειρον.
381 2385 646 2467 Xenopbonlenm
676 2395 725 2448 est
753 2379 935 2471 ἠποροῦντο,
973 2385 1057 2467 quod
1089 2385 1178 2466 posui
1209 2383 1264 2446 ubi

77 2479 193 2574 ἄπειροι
213 2480 296 2561 ’όντες
319 2489 473 2571 seriptum
496 2485 634 2570 eral**).

161 2595 178 2654 3
196 2593 215 2652 5
238 2594 297 2656 τιῦν
320 2615 352 2656 τε
375 2585 530 2678 ἀρχόντων
554 2591 600 2655 δεῖ
620 2592 894 2678 προκακληριῦσῦαι
916 2591 958 2663 εἰς
977 2581 1013 2654 δν
1035 2589 1158 2656 ἕκαστοι
1177 2585 1265 2656 τόπον

79 2693 211 2768 ἑλῦόνττς
240 2699 300 2760 τῶν
330 2693 532 2779 συλλεγέντων
556 2689 699 2766 ἑκάστους
721 2689 769 2756 ἐπὶ
791 2689 829 2758 τὰ
850 2691 935 2780 τείχη
960 2689 1167 2759 ἀποστελοῦσι.
1215 2693 1266 2758 καλ

79 2802 132 2862 τῦν
156 2802 266 2864 λοιπῶν
294 2799 384 2863 ἕνεκα
415 2797 565 2882 ἐπιμελεῖς
595 2791 741 2883 ἡγεμόνες
770 2795 890 2861 ἔσονται
919 2789 1011 2883 όνπερ
1034 2792 1125 2870 adole
1148 2793 1266 2882 ἡγεμο-

79 2895 215 2967 νεόσωσιν
246 2894 317 2966 ὧδε,
375 2895 526 2966 εῦλλότατα
555 2895 656 2973 αὐτοῖς
689 2901 873 2985 πεποιῆσθαι
902 2896 1043 2985 σόσσημα
1074 2896 1129 2986 ἀφ’
1158 2893 1199 2963 ὧν
1224 2897 1265 2987 μό,

80 3000 254 3091 όγνοήσουσι
283 3003 351 3078 τοῦς
382 2999 559 3091 προσιόντας
588 3000 700 3076 αὐτοῖς.
749 3007 870 3068 inserui
902 3001 1063 3084 ἑκάστους,
1099 3015 1163 3068 lum
1194 3005 1265 3069 ἐπι-

82 3108 195 3190 μελείας
218 3112 337 3173 mutavi
364 3111 394 3172 in
418 3109 585 3194 ἐπιμελεῖς,
618 3109 758 3189 deniqne
782 3107 815 3171 δέ
838 3107 944 3170 delevi
968 3107 1052 3189 quod
1077 3119 1146 3190 posl
1168 3102 1266 3172 εὐδό-

82 3231 149 3274 τατα
169 3213 330 3276 adieolnm
355 3225 403 3275 osl
419 3223 585 3294 postquam
604 3213 728 3274 initium
746 3212 820 3273 hine
836 3210 952 3274 loetum
968 3221 1015 3274 est
1032 3213 1105 3274 novi
1122 3209 1269 3293 capituli.¹

160 3319 213 3377 le
238 3310 371 3379 κατὰτὸ
395 3310 579 3402 ἐρημότατον
602 3319 655 3401 τῆς
676 3313 793 3387 πόλεως
809 3310 859 3377 καὶ
881 3308 977 3387 πόλας
992 3309 1047 3380 οῦκ
1070 3310 1266 3400 ἀνοιγομένας

81 3413 144 3502 ἔχον
165 3417 257 3505 ἔφερε
278 3421 338 3505 πῦρ
360 3419 393 3482 έν
415 3414 540 3506 γόστρφ,
567 3410 604 3504 ἣν
627 3412 789 3504 φυλάσσων
812 3413 864 3490 τὰς
879 3412 995 3504 ἡμέρας
1011 3414 1063 3482 καὶ
1085 3413 1137 3491 τὰς
1160 3413 1267 3490 νόκτας

82 3517 165 3586 ἔλαδε
188 3518 292 3594 νυκτός
314 3518 364 3587 τόν
389 3517 502 3608 μοχλόν
526 3515 694 3608 διατρήσας
717 3518 768 3584 καλ
792 3515 949 3605 δεξόμενος
972 3515 1064 3608 ταόκγγ
1087 3517 1155 3594 τοῦς
1171 3545 1266 3608 στρα-

82 3619 197 3699 τιώτας·
232 3622 456 3712 ἀθροισθέντων
488 3621 516 3690 δ’
544 3627 575 3690 ἐν
605 3647 641 3710 πρ
671 3619 768 3711 ἀγορᾷ
798 3619 840 3696 ὡς
870 3623 1025 3711 δισχιλίων
1048 3621 1166 3711 ἀνδρῶν
1189 3625 1267 3710 ἐσιγ-

84 3721 173 3814 μόνὶλη
196 3725 229 3794 τό
252 3725 413 3814 πολεμικὸν
438 3730 573 3816 coenob·
604 3722 710 3792 πολλοὶ
733 3725 766 3791 δὲ
788 3731 847 3790 τῶν
869 3726 1048 3792 Χαλκιδέων
1073 3725 1114 3792 δι’
1142 3720 1266 3814 ἄγνοιαν

85 3825 267 3898 ἀπώλλυντο·
299 3831 350 3897 καὶ
379 3829 437 3918 γὰρ
467 3831 688 3918 ἑκφοβγλλέντες
716 3830 849 3896 ἐτίθεντο
872 3831 1012 3917 φέροντες
1034 3827 1071 3896 τὰ
1093 3826 1172 3897 ’όπλα
1193 3828 1268 3919 πρός

85 3930 143 4007 τοῦς
163 3935 324 4021 πολεμίους
347 3931 388 4009 ὡς
409 3932 483 4022 πρὸς
505 3933 622 4022 φίλους,
649 3930 737 4008 αὐτὸς
759 3935 884 4008 ἕκαστος
906 3936 1002 3998 δοκῶν
1026 3928 1147 4022 όστερος
1161 3959 1267 4024 παρα-

90 4107 280 4120 “--ι-ι---ι-

50 4247 54 4256 ·
161 4211 183 4274 *l
205 4209 314 4281 [φόρτον
338 4209 362 4262 τ’
389 4211 416 4270 ές
441 4211 524 4264 πάντα
546 4207 663 4264 alocale
682 4213 808 4264 librorum
823 4213 874 4277 lide
891 4211 1030 4276 αι’ραονυιιι
1048 4215 1203 4263 auctoritato
1217 4214 1267 4278 fir-

90 4303 175 4347 ortum
191 4298 254 4366 ese]

147 4395 188 4458 ”l
207 4399 392 4468 [scribendum
410 4415 466 4453 csse
484 4417 518 4452 cx
541 4403 684 4464 Thucydide
698 4405 723 4449 11
742 4405 756 4452 l
776 4397 801 4452 oi
819 4399 865 4468 μὲν
884 4399 932 4472 γὰρ
947 4397 1061 4470 (ἔφυγον)
1078 4399 1178 4469 ἄπειροι
1195 4399 1266 4459 ὄντες

90 4483 164 4536 Μ
180 4488 350 4554 Kircbbosllor
369 4489 479 4538 Ηοινιιυσ
497 4491 543 4538 l.l
563 4499 591 4548 p.
607 4492 665 4538 m.
704 4490 738 4553 cl.
759 4489 835 4538 Aeol.
851 4491 952 4536 nillil.
976 4505 1006 4524 -ι
1024 4489 1128 4539 emori
1151 4491 1266 4552 capilum

90 4575 352 4639 wambommquo
372 4575 540 4626 Ηοτολακιαοι·
558 4573 645 4641 ταντα]
