3178 5136
578 423 683 484 Varia.
1154 407 1228 478 485

52 611 261 672 certissimum.
314 610 451 672 Cobetus
480 612 595 672 Mnem.
627 620 650 672 t.
676 629 708 673 x.
734 630 766 690 ρ.
792 611 852 672 363
884 607 1099 692 ευοέίίελγεν
1131 612 1229 672 vehe-

51 723 162 774 menter
182 711 370 776 delectatur.
418 714 481 774 lcni
504 712 675 776 admodum
698 714 871 775 mutatione
887 713 1063 774 lleinelriua
1082 710 1228 774 scribon-

50 813 116 876 dnm
138 835 206 878 esse
230 817 364 878 coniecit
392 809 460 878 νόον
490 810 596 899 diade
618 805 699 886 ούτις
726 810 806 886 ἀέξει
834 816 884 878 vel
907 806 1011 891 ἀεξεν,
1044 813 1130 896 quod
1158 834 1227 877 csse

51 919 108 980 vult
127 919 232 981 nullm
255 918 421 980 oblectabat
443 920 595 991 οαωιιιως
630 918 663 981 id
687 919 771 980 enim
794 911 890 988 ἀέξειν
912 918 1091 999 significare
1114 920 1147 980 in
1170 918 1229 980 hac

49 1019 186 1083 dictione.
218 1020 322 1084 adfert
344 1041 385 1084 ex
406 1021 513 1084 lliadis
534 1039 595 1083 ινιτ
611 1021 673 1082 225
694 1016 733 1084 τὰ
754 1020 888 1106 φρονέων
911 1013 1035 1105 δώροισι
1049 1014 1229 1106 κατατρύχω

47 1118 90 1186 καὶ
110 1123 207 1208 ίδωδῇ
231 1115 344 1200 Λαούς,
368 1117 509 1208 ἱιρέτερον
533 1116 835 1206 elammelech
858 1118 947 1200 ἀέξω,
972 1143 1012 1186 ex
1034 1125 1125 1187 titulo
1148 1125 1224 1186 Sar-

49 1224 195 1306 danapalli
218 1225 305 1306 apud
326 1225 524 1290 Athenaeum
540 1246 593 1288 rur
608 1247 640 1306 p.
659 1228 737 1288 336⁸
764 1217 799 1290 εύ
828 1221 916 1298 etth<
945 1219 992 1290 ὅτι
1021 1222 1130 1311 θνητὸς
1152 1223 1226 1311 ἔφυς

48 1323 89 1390 τὸν
110 1322 204 1412 θορὸν
233 1318 302 1398 ἀεξε
331 1321 517 1412 Τερπύρενος
547 1327 691 1414 θαλίῃσι,
724 1349 837 1393 versus
864 1329 1021 1411 Apollonii
1045 1328 1158 1392 Rhodii
1188 1347 1228 1391 ex

49 1426 239 1516 Ναυκράτεως
261 1428 354 1496 κτίσει
374 1431 460 1511 apud
482 1431 680 1496 Athenaeum
702 1452 743 1494 vu
759 1452 792 1513 ρ.
811 1427 887 1494 283¹
905 1427 1017 1518 πατρὸς
1037 1431 1123 1515 έροῖο
1137 1429 1227 1516 φίλου

48 1529 256 1620 συμφράδμονα
278 1529 374 1618 θορὸν
396 1528 500 1614 ἀέξων,
528 1519 680 1617 Πομπίλε,
702 1529 888 1599 δυσκελάδου
910 1530 1026 1608 δεδαὼς
1041 1530 1101 1600 tot
1117 1533 1228 1620 βένθεα

47 1633 158 1719 τύντου,
186 1635 273 1722 Σῷξέ
296 1660 345 1719 ρε.
371 1647 494 1718 poterat
519 1637 639 1701 addere
662 1639 844 1702 Hesiodium
867 1639 982 1720 Theog.
1002 1640 1063 1699 639
1087 1631 1149 1700 ἀλλ’
1176 1629 1227 1700 ὅτε

46 1738 76 1824 δὴ
103 1739 227 1806 κείνοισι
254 1739 444 1825 παρέσχεθον
481 1729 596 1824 ἄρρενα
626 1735 722 1804 πάντα
729 1791 739 1820 ,
779 1737 897 1825 Νέκταρ
925 1735 946 1804 τ’
979 1735 1143 1826 ἀμβροσίην
1179 1763 1225 1816 τε,

44 1839 125 1929 τάπερ
148 1839 215 1908 θεοί
237 1835 324 1907 αύτοί
345 1839 477 1918 ἔδουσιν,
501 1836 626 1907 Πάντων
641 1843 673 1906 ἀν
689 1837 964 1928 στήθεσσινάέξετο
979 1840 1074 1927 θυμὸς
1090 1839 1223 1928 ἀγήνωρ.

45 1949 134 2010 Nonni
158 1947 240 2009 illud
261 1967 297 2006 xc
312 1945 373 2005 505
398 1942 565 2029 φιλύκτιτον
588 1936 663 2030 ἦθος
686 1941 797 2024 ἀέξων,
824 1948 909 2028 quod
932 1949 1108 2010 llcinekius
1130 1946 1227 2009 adicit

45 2070 97 2112 non
118 2069 200 2130 nego
224 2049 264 2112 ad
286 2049 409 2129 antiqui
432 2058 464 2110 et
487 2051 642 2111 Homerici
664 2051 818 2112 sermonis
846 2050 1087 2113 similitudinem
1110 2051 1225 2113 iactum

44 2173 114 2231 esse,
138 2152 199 2216 sed
222 2153 277 2232 qui
300 2170 414 2214 versus
436 2152 505 2214 illos
526 2153 629 2214 Nonni
658 2153 867 2234 perpenderit
890 2154 1075 2233 intelleget,
1100 2153 1222 2234 opinor,

44 2257 112 2318 nihil
135 2273 251 2318 causae
275 2273 345 2316 esse
369 2255 447 2335 quin
470 2255 528 2316 hoc
551 2275 625 2318 eum
647 2255 753 2318 dicere
776 2267 943 2336 putemne,
969 2256 1117 2320 condendi
1138 2256 1226 2337 cupi-

44 2360 105 2420 dum
128 2361 269 2422 ocimum
292 2375 424 2440 ouqeus,
458 2357 493 2419 id
516 2366 564 2419 ast
592 2377 709 2441 οωρεαο
738 2367 766 2421 et
795 2359 961 2422 accendens
984 2359 1132 2422 coudmcdi
1158 2366 1226 2420 atu-

42 2463 125 2522 dt'um.
151 2471 189 2523 ut
210 2469 317 2522 autem
333 2461 449 2540 largiar
469 2454 566 2542 θορὸν
583 2454 677 2530 ἀέξειν
700 2460 740 2524 ad
763 2460 943 2524 oblectandi
964 2463 1225 2542 significationem

44 2561 266 2644 quodammodo
288 2563 440 2624 accedere
463 2582 567 2644 posse,
593 2573 698 2626 tamen
720 2559 815 2634 ἀέξειν
839 2565 969 2626 minime
991 2577 1040 2628 est
1062 2564 1222 2638 oblectare,

45 2669 128 2730 immo
149 2666 233 2728 nihil
255 2663 342 2726 aliud
371 2675 418 2726 est
440 2660 535 2748 θυμὸν
559 2661 654 2736 ἀέξειν
677 2685 772 2747 quam
800 2668 938 2728 ocimum
961 2687 1092 2749 υαρωυ,
1118 2686 1224 2747 neque

42 2771 123 2831 alitor
145 2766 425 2848 interpretandum
455 2779 503 2830 est
530 2768 615 2850 quod
639 2770 844 2832 Telemachus
866 2769 943 2831 dicit
965 2768 1025 2831 Od.
1050 2789 1072 2830 u
1088 2771 1148 2829 ill
1173 2771 1224 2832 rito

42 2867 61 2933 δ’
83 2865 129 2936 ὅτε
153 2866 193 2955 δὴ
218 2869 312 2953 μέγας
335 2867 397 2953 εἰμί
419 2867 469 2933 καί
497 2863 598 2936 ἀλλων
622 2871 716 2954 μῦθον
746 2864 864 2935 ἀκούων
888 2865 1086 2955 nothelmum
1112 2867 1164 2934 καὶ
1186 2865 1224 2954 δή

41 2999 85 3056 ρυι
109 2970 228 3046 ἀέξεται
262 2971 365 3036 ἔνδοθι
393 2971 505 3056 θυμός,
539 2968 681 3059 Πειρήσω
714 2966 755 3046 ὥς
784 2965 890 3058 κ’ύρρι
923 2970 1017 3046 κακὰς
1051 2970 1099 3038 ἐπὶ
1127 2976 1223 3059 κῆρας

43 3073 121 3162 ἰήλω.
172 3097 235 3139 non
264 3077 464 3138 dissimiliter
494 3077 647 3140 Pindarus
678 3081 766 3140 li'cm.
788 3080 806 3138 3
831 3067 879 3138 56¹
906 3072 1056 3162 νύμφευσε
1090 3069 1115 3140 δ’
1140 3067 1278 3148 adtulit

41 3175 242 3263 ἀγλαύνολπον
271 3175 391 3262 Νηρέος
419 3173 572 3264 θύγατρα,
605 3174 693 3263 γόνον
722 3179 755 3244 τέ
778 3181 806 3245 οἱ
835 3181 981 3266 φέρτατον
1000 3175 1166 3244 ’ἀτίταλλεν
1189 3181 1221 3244 ἐν

40 3279 189 3368 ἀρμένοισι
210 3279 308 3346 πάντα
329 3275 427 3365 hunda
450 3277 553 3363 ἀέξων,
581 3282 636 3346 ubi
659 3279 754 3347 πάντα
784 3287 817 3346 in
839 3287 913 3346 πᾶσι
942 3285 1129 3348 mutandum
1152 3303 1223 3346 esse

39 3389 107 3450 scita
130 3397 180 3449 est
203 3387 390 3466 llingarellii
414 3395 445 3447 et
468 3387 609 3454 Heclreri.
626 3389 742 3467 opinio.
791 3388 852 3448 iarn
882 3390 974 3450 cuius
995 3399 1130 3468 augetur
1151 3388 1223 3448 ani-

41 3511 102 3553 mus
124 3493 151 3553 is
174 3491 279 3552 alacer
302 3489 336 3550 fit
364 3499 396 3549 et
419 3489 529 3551 lactus.
578 3491 684 3570 itaque
708 3491 845 3552 laetitiae
875 3491 928 3552 illa
950 3491 1136 3572 significatio
1159 3509 1222 3552 non

41 3595 100 3674 ipso
129 3588 226 3663 ἀέξειν
257 3590 355 3652 verbo
384 3593 582 3670 continetur,
615 3592 672 3654 sed
695 3595 837 3656 nascitur
867 3613 907 3655 ex
933 3596 1004 3656 eius
1033 3593 1124 3655 verbi
1151 3613 1222 3657 cum

38 3715 105 3758 tuce
128 3715 211 3776 quae
234 3704 282 3756 est
304 3688 400 3777 θορύς
423 3697 654 3758 coniunctione.
700 3696 786 3758 unde
802 3697 880 3758 mihi
903 3695 1031 3758 videtur
1054 3698 1222 3777 perspicue

38 3799 187 3880 adparere
219 3817 282 3858 non
318 3799 458 3878 potuisse
495 3799 528 3859 in
559 3799 698 3860 carmine
728 3799 781 3860 illo
815 3798 878 3861 dici
915 3793 982 3862 νύον
1013 3793 1113 3880 δ’ἀμὸν
1142 3789 1223 3869 ούτις

38 3895 126 3972 ἀεξεν.
173 3919 281 3980 neque
311 3901 396 3962 enim
424 3901 492 3972 νοῦς
523 3900 608 3963 idem
638 3911 686 3963 est
715 3901 800 3981 qnod
822 3895 917 3984 θυρύς
946 3921 1052 3982 noque
1076 3904 1130 3982 qui
1153 3905 1222 3964 νοῖιν

38 4005 166 4068 alicuius
199 4013 295 4082 auget
323 4005 464 4066 animum
495 4005 563 4066 cius
592 4005 730 4066 animive
762 4005 957 4066 alacritatem
986 4013 1040 4066 aut
1071 4005 1221 4067 laetitiam

38 4119 136 4188 auget,
161 4105 220 4170 sed
242 4115 384 4168 mentem
405 4115 500 4186 atque
523 4107 785 4187 intellegentiam,
811 4119 978 4188 servatque
1004 4109 1084 4168 hanc
1099 4109 1222 4187 signifi-

38 4212 186 4273 cationem
208 4207 402 4270 adiectivum
424 4227 539 4270 nomen
563 4204 705 4282 ἀεξίνοος.
752 4229 927 4290 quaecum
960 4212 1002 4271 ita
1024 4212 1104 4286 sint,
1129 4211 1222 4272 aliter

38 4311 255 4393 corrigendum
287 4329 358 4374 esse
374 4310 517 4374 ,videtur
544 4313 689 4393 ineptum
718 4313 798 4376 illud
820 4308 925 4376 ἀείδει.
973 4331 1035 4374 non
1064 4323 1141 4393 puto
1172 4333 1220 4375 mc

38 4415 193 4478 invenisse
208 4413 295 4496 quod
310 4415 380 4476 sinc
396 4413 593 4476 dubitatione
609 4433 721 4478 verum
736 4418 787 4493 sit,
812 4415 870 4478 sed
891 4416 969 4477 lcrri
985 4418 1101 4496 poterit
1116 4435 1221 4496 neque

39 4517 149 4580 litteris
170 4519 305 4582 nimium
328 4515 424 4580 distat
