3182 5132
581 402 750 468 Antenora.
832 365 834 372 Ι
1183 395 1258 468 399

160 594 255 654 ilel.
288 595 324 656 ln
347 593 447 656 Plauti
470 593 566 656 Milite
594 594 728 675 glorioso
756 605 848 657 vetus
876 595 958 658 liber
981 597 1153 660 Camerarii
1185 599 1258 662 inde

87 715 110 755 a.
133 713 160 756 v.
178 697 211 758 st
240 697 319 760 haec
341 697 410 760 lere
433 696 577 779 praebet,

214 801 421 880 paratiorem
442 800 497 863 boc
517 800 665 863 bominem
688 803 718 863 ci
738 801 805 883 quis
828 801 941 865 viderit

219 911 273 966 aut
294 904 467 986 plenorum
485 905 653 986 pleniorem
675 922 766 986 quum
788 905 851 966 illio
873 913 927 982 cst,

218 1025 265 1068 mc
288 1006 348 1068 sibi
367 1007 482 1082 hebeto,
508 1026 559 1090 epo
583 1027 628 1069 me
651 1009 810 1088 mancupio
832 1007 927 1070 dubo:

217 1111 282 1172 out
302 1129 397 1172 anum
419 1112 517 1192 cpptc‘r
539 1118 594 1174 cat
615 1111 698 1192 opud
720 1111 775 1172 itta
798 1114 971 1174 &cluniense
993 1101 1124 1174 noberta.¹

84 1211 110 1270 in
129 1212 223 1274 altero
244 1231 342 1274 versu
365 1233 455 1296 quom
479 1214 540 1276 illic
563 1223 606 1276 est
631 1214 743 1294 reliqui
768 1215 863 1276 etiam
885 1213 959 1276 libri
981 1213 1112 1276 habent.
1154 1232 1315 1280 remo-etr

84 1323 140 1376 tum
167 1325 214 1378 est
242 1335 349 1402 nuper
378 1327 486 1398 utpote
509 1315 594 1397 quod
618 1327 700 1379 esset
723 1317 876 1398 glossema
899 1318 1118 1398 scriptumque
1140 1339 1197 1402 pro
1221 1341 1257 1383 eo

82 1417 168 1481 lcrclc
189 1423 214 1482 is
236 1419 373 1502 quidem:
399 1421 456 1482 hoc
479 1423 562 1482 enim
588 1421 638 1481 vel
660 1419 783 1501 aliquid
803 1420 908 1482 simile
924 1420 1094 1500 expulsum
1110 1441 1180 1485 esse
1198 1425 1257 1486 isto

82 1522 265 1600 glossemate.
313 1541 371 1604 ego
395 1543 470 1586 vero
486 1533 517 1586 ct
533 1522 609 1586 alibi
625 1541 720 1604 saepe
737 1523 992 1586 innocentissima
1008 1523 1107 1586 verba
1122 1527 1256 1606 partim-

83 1643 136 1704 que
163 1627 234 1688 talie
262 1627 370 1706 qualia
397 1647 437 1688 ne
466 1635 636 1707 potuerunt
665 1625 795 1708 quidem
826 1625 1060 1707 interpretandi
1081 1647 1175 1690 causa
1197 1629 1256 1692 ad-

82 1727 166 1790 scribi
182 1751 198 1790 e
214 1730 368 1792 Plautinis
390 1729 539 1792 versibus
562 1730 729 1792 exturbata
752 1738 929 1810 poetaeque
954 1731 985 1790 in
1008 1729 1143 1793 dicendo
1157 1731 1256 1796 uber-

82 1840 163 1894 tatem
186 1835 401 1914 comicamque
424 1835 646 1913 loquacitatem
670 1852 731 1895 non
757 1841 842 1894 recte
858 1833 1077 1894 circumcisam
1093 1853 1162 1898 esse
1178 1845 1255 1915 puto

82 1937 180 1998 ethic
207 1938 327 1999 nullam
356 1937 449 2018 plane
478 1956 604 1998 causam
633 1956 703 1998 esse
734 1935 825 1998 video
854 1954 913 1996 cur
935 1955 1089 2016 negemus
1111 1939 1253 2001 Plautum

81 2049 232 2120 postquam
251 2041 293 2102 ad
308 2039 484 2102 mentiendi
501 2039 763 2102 consuetudinem
780 2039 973 2120 gloriationis
989 2041 1181 2104 mentionem
1197 2042 1255 2104 ad-

80 2140 151 2204 didit
176 2146 316 2224 potuissc
340 2146 458 2206 iterare
481 2143 712 2223 conpunctionis
735 2142 1015 2223 significationem:
1047 2161 1152 2226 neque
1175 2165 1255 2227 opus

82 2255 138 2306 erat
166 2257 198 2308 ut
220 2247 366 2329 epodosi,
400 2267 480 2328 quac
505 2264 619 2328 perse
643 2246 736 2327 plana
759 2267 795 2308 ac
817 2249 986 2328 perspicua
1010 2257 1075 2329 est,
1105 2247 1205 2310 barole
1227 2250 1254 2310 ic

79 2349 186 2428 quidem
208 2352 259 2412 vel
282 2351 385 2414 simile
408 2349 530 2430 aliquid
553 2350 705 2412 adiceret.
753 2352 895 2430 proximo
919 2370 1014 2412 versu
1037 2370 1088 2434 epo
1111 2370 1156 2413 me
1178 2351 1253 2412 libri

78 2449 293 2517 Ambrosianus
315 2463 346 2515 et
369 2463 460 2516 vetus
484 2453 655 2516 Camerarii
680 2452 809 2533 habent,
836 2453 893 2516 sed
919 2455 950 2516 in
974 2454 1146 2516 Camerarii
1171 2453 1251 2516 libro

79 2566 143 2616 ante
166 2576 215 2642 epo
238 2578 285 2621 mc
307 2578 403 2639 supra
426 2557 467 2619 ab
490 2559 549 2618 alia
575 2577 668 2618 nnanu
693 2557 836 2618 additum
861 2567 909 2620 est
931 2565 970 2618 et.
1016 2568 1123 2646 contra
1147 2559 1252 2619 Ursini

78 2657 149 2722 liber
176 2671 203 2724 et
229 2681 281 2746 opo
311 2661 406 2724 babet
436 2671 468 2723 et
495 2660 612 2724 deinde
636 2660 676 2721 ab
699 2660 759 2722 alia
784 2680 878 2722 triana
902 2651 1000 2743 supra
1026 2659 1169 2722 additum
1193 2680 1249 2722 me.

80 2762 105 2824 in
127 2763 286 2828 decurtato
310 2766 483 2828 Camerarii
507 2764 587 2826 libro
611 2765 728 2844 legitur
750 2773 777 2824 et
799 2783 849 2845 opo
872 2783 928 2824 me.
976 2764 1167 2826 Bitschelius
1187 2764 1253 2824 ior-

78 2875 148 2931 tassc
176 2870 381 2934 scribendum
410 2889 480 2930 esse
503 2868 580 2930 dicit
603 2887 654 2950 eqo
681 2887 727 2928 mo
748 2869 785 2928 ei.
834 2877 865 2929 ct
887 2886 962 2928 sane
986 2870 1015 2928 ei
1035 2869 1088 2928 vix
1111 2867 1251 2948 potuisse

79 2970 193 3035 ridetur
213 2975 331 3036 omitti:
365 2973 421 3034 sed
445 2973 549 3053 paullo
572 2972 664 3032 aliter
687 2970 894 3032 scribendum
918 2989 987 3032 esse
1011 2979 1098 3050 puto.
1147 2989 1251 3052 neque

78 3079 151 3138 enim
173 3078 270 3160 probo
293 3077 379 3157 quod
403 3076 593 3138 llitschclius
615 3076 677 3136 nisi
698 3073 736 3134 ad
762 3075 846 3135 hunc
870 3092 997 3136 versum
1021 3074 1155 3134 retraxit
1177 3092 1252 3153 pro-

77 3181 248 3263 ximumque
273 3183 316 3242 ita
339 3182 477 3261 scripsit,
503 3198 597 3240 unrcm
618 3180 768 3260 epityrum
783 3185 867 3240 estur
883 3179 1026 3240 insonum
1043 3179 1151 3240 insane
1166 3175 1248 3237 benc.

78 3283 103 3342 in
124 3283 327 3348 ambrosiano
356 3283 463 3346 codice
485 3283 656 3345 llitscbelio
685 3290 755 3362 post
784 3281 895 3343 decem
922 3281 1051 3342 circiter
1073 3280 1250 3342 litterarum

76 3391 211 3471 spatium,
237 3407 300 3469 quo
323 3389 473 3470 epityrum
498 3433 505 3447 .
534 3433 541 3448 .
567 3385 769 3466 absumptum
793 3404 862 3446 esse
879 3393 980 3465 putat,
1007 3381 1155 3464 adparuit
1168 3382 1251 3464 pud-

76 3489 291 3568 inanemque,
317 3491 374 3554 sed
398 3502 431 3552 ut
455 3491 635 3571 suspicetur
656 3490 762 3550 minus
778 3497 862 3550 recte
877 3487 942 3569 pud
957 3506 990 3548 se
1008 3487 1251 3567 interpretatum

77 3597 243 3679 essequod
265 3598 372 3677 potius
395 3603 446 3656 tur
469 3603 564 3656 esset.
611 3613 629 3654 a
652 3591 726 3654 libri
749 3593 868 3653 ‘veteris
891 3590 1063 3652 Camerarii
1080 3589 1249 3668 scriptura,

77 3717 159 3777 quarn
179 3721 276 3783 supra
293 3699 452 3778 dedimus,
479 3697 593 3778 reliqui
610 3694 684 3757 libri
701 3715 763 3756 non
780 3695 913 3757 multum
930 3692 1129 3774 discrepant:
1157 3690 1252 3752 habet

76 3804 150 3864 enim
172 3803 357 3866 decurtatus
380 3803 443 3864 nisi
463 3820 559 3862 unum
574 3801 671 3882 epytt'r
687 3807 830 3880 autopat
847 3798 901 3859 illc
917 3798 1067 3859 esturicns
1084 3813 1150 3856 ome
1165 3793 1248 3868 beno,

76 3905 249 3970 Ursinianus
272 3908 335 3968 nisi
355 3925 451 3966 unum
474 3907 571 3986 epptr'r
586 3911 641 3965 out
656 3903 740 3984 opud
756 3903 962 3964 illocsturieos
979 3919 1036 3960 noe
1051 3897 1133 3958 bene.
1174 3899 1250 3959 teti-

78 4009 115 4085 git
141 4011 223 4072 hunc
251 4029 380 4073 versum
404 4009 500 4070 Varro
529 4007 569 4070 de
596 4007 704 4086 lingua
727 4007 836 4067 Latina
858 4022 899 4064 ru
924 4025 955 4085 p.
974 4004 1034 4062 363
1060 4002 1115 4083 Sp.
1143 3999 1251 4062 verbis

76 4129 146 4189 quae
168 4117 200 4176 in
223 4112 331 4176 codice
348 4113 525 4174 Florentino
550 4111 591 4172 ita
615 4111 732 4190 scripta
749 4118 833 4188 sunt,
859 4107 943 4188 apud
954 4107 1097 4188 plautum
1112 4105 1141 4165 si
1154 4123 1249 4164 unum

75 4217 180 4296 ¹epityrn
209 4225 313 4280 ertuor
346 4215 413 4297 (boc
436 4215 512 4294 legit
535 4215 792 4294 [agomarsinum
827 4229 889 4272 non
912 4207 1023 4288 esturr)
1050 4211 1158 4270 iosuae
1179 4205 1252 4268 benc

75 4322 210 4398 epyttrum
237 4319 302 4403 (sic)
330 4317 511 4381 uocabulum
533 4325 578 4378 cst
592 4315 652 4378 cibi
664 4335 722 4398 qao
734 4314 926 4396 frequentius
942 4313 1042 4374 sicilia
1056 4329 1147 4394 qnam
1164 4310 1251 4372 italio

77 4439 134 4482 uso.
179 4425 210 4486 id
238 4423 429 4486 uebcorerttcr
458 4441 525 4484 cum
548 4421 637 4482 uellet
658 4419 758 4480 dicere
780 4417 862 4480 discit
884 4417 1002 4478 insane.
1049 4413 1128 4496 quod
1149 4414 1253 4474 insoni

76 4529 163 4588 omnio
188 4527 309 4608 fociant
340 4527 414 4606 (sic,
447 4544 508 4586 non
531 4524 653 4606 fuciunt
675 4520 785 4603 cornio)
813 4520 1014 4582 inclementer.
1062 4515 1251 4578 llitscbclius

991 4637 1044 4688 26*
