3182 5132
356 397 430 471 406
758 415 801 475 Ex
825 432 920 475 asan
944 415 1152 476 Banocmunsr.

355 621 451 664 versu
474 603 577 681 primo
600 609 633 664 ut
655 602 781 664 llalmao
804 602 958 667 debetur:
986 604 1018 664 in
1040 604 1206 668 veteribus
1228 605 1320 668 libris
1340 613 1367 668 et
1387 607 1512 687 scriptun

355 715 413 767 est.
454 723 527 766 mox
551 707 582 767 in
607 706 705 768 altero
728 725 825 770 vomu
841 707 968 772 Grotius
992 709 1108 771 eximio
1124 710 1269 772 acumine
1286 710 1440 791 perspexit
1453 709 1513 771 scri-

354 807 495 870 bendum
525 828 593 872 esse
622 829 682 871 non
712 812 826 892 inteper
855 812 938 892 t'pse:
967 810 1042 874 libri
1075 811 1194 874 habent
1216 831 1284 878 eum
1307 815 1406 876 interit
1424 813 1512 893 ipsun.

353 909 440 972 Arati
471 911 549 973 haec
571 922 646 974 sunt
671 931 700 974 v.
720 913 800 992 7⁴6,
834 911 922 1000 μοίρῃ
945 937 980 998 γε
1003 911 1055 994 μὲν
1079 909 1134 979 οὐκ
1156 912 1205 978 ἐπὶ
1226 910 1320 1001 ταύτῃ
1338 909 1451 1000 iliados
1469 909 1513 977 ἀν-

353 1011 468 1087 τέλλει,
503 1012 622 1098 δίδομοι
651 1013 683 1078 δέ
706 1039 755 1100 μιν
778 1006 867 1081 οὖλον
891 1007 1024 1101 ἄγουσιν.
1071 1019 1128 1082 sed
1152 1019 1237 1082 idem
1261 1020 1384 1082 Grotius
1405 1038 1438 1082 so
1457 1037 1514 1099 per·

354 1118 437 1180 cavit
467 1118 553 1200 quod
576 1120 609 1181 in
633 1119 776 1200 proximo
799 1139 896 1186 versu
919 1129 952 1184 ot
973 1120 1070 1184 scribi
1093 1123 1204 1184 iussit:
1238 1131 1359 1204 poterat
1380 1123 1456 1184 enim
1475 1121 1514 1184 ssd

354 1221 428 1301 dici,
453 1229 486 1285 ot
507 1241 524 1284 a
547 1223 704 1285 sententia
726 1224 888 1291 abhorret.
935 1226 1088 1303 scriptum
1113 1233 1161 1287 ost
1183 1235 1289 1288 autem
1311 1227 1344 1287 in
1358 1226 1443 1287 libris
1457 1225 1514 1286 redit

352 1343 439 1407 pars,
466 1325 559 1389 rediit
576 1345 666 1408 pars,
692 1327 772 1389 redit
794 1335 823 1390 et
843 1345 941 1409 pers:
965 1328 1154 1397 Germanico
1177 1328 1236 1390 hoc
1258 1327 1449 1392 reddendum
1469 1337 1512 1404 cst,

665 1455 740 1518 naut
761 1464 854 1518 totum
876 1474 1001 1519 cernes:
1025 1477 1085 1518 non
1108 1457 1223 1540 inteper
1245 1457 1309 1539 ipse

509 1561 542 1621 in
564 1559 681 1622 coetum
704 1557 807 1622 rediet
831 1559 922 1642 (pers
946 1559 1077 1624 deutero
1097 1561 1247 1645 merpitur
1268 1561 1387 1642 undis),

509 1664 621 1725 vertice
644 1662 766 1726 lucebit.

356 1792 396 1855 de
427 1791 533 1856 futuro
564 1792 648 1874 quod
672 1803 719 1855 est
741 1794 837 1855 rediet
859 1813 922 1856 non
944 1814 1023 1878 opus
1045 1803 1093 1856 est
1115 1805 1151 1856 ut
1173 1795 1271 1858 multa
1294 1793 1445 1876 disputem
1464 1804 1516 1874 post

355 1915 392 1958 ea
415 1915 495 1978 quae
517 1899 763 1960 Buenemannus
786 1899 935 1959 lactantii
959 1918 991 1979 p.
1012 1897 1072 1959 476
1096 1909 1127 1961 et
1153 1897 1246 1978 l285,
1271 1899 1475 1960 Lachmannus
1493 1898 1515 1958 in

354 2001 577 2062 commentario
601 2001 785 2063 Lucretiano
808 2021 840 2084 p.
859 2001 932 2080 207,
961 2003 1092 2064 llaasius
1109 2003 1248 2064 Senecae
1272 2011 1295 2063 t.
1314 2021 1336 2063 11
1357 2022 1388 2083 p.
1405 2021 1432 2062 u
1446 1999 1516 2062 diae

357 2114 442 2166 runt.
490 2105 535 2166 eis
558 2123 639 2186 quac
657 2106 789 2166 Haasius
812 2125 851 2168 ex
867 2107 1005 2168 Senecae
1028 2106 1155 2188 scriptis
1179 2105 1305 2186 collegit
1321 2104 1399 2167 addo
1413 2123 1516 2165 vamum

355 2204 469 2287 Oedipi
486 2207 568 2288 50l,
594 2205 679 2292 [st7
706 2211 737 2270 P.
761 2205 822 2292 a]
858 2210 995 2272 Oceanus
1019 2209 1160 2271 clausum
1183 2209 1255 2271 dum
1275 2208 1414 2290 fluctibus
1433 2205 1518 2268 omitit

355 2309 466 2372 orbem.
1576 2329 1577 2404 j

441 2415 556 2477 Maiore
586 2413 717 2477 audacia
748 2413 900 2478 utendum
931 2425 978 2477 est
1010 2416 1042 2476 in
1065 2414 1328 2496 depravatissimo
1351 2434 1440 2477 versu
1459 2413 1515 2472 ast.

355 2520 471 2601 scripta
492 2518 573 2581 haec
594 2528 679 2597 sunt,

510 2649 624 2710 lumine
645 2667 706 2712 non
729 2649 832 2712 multis
851 2649 936 2730 plius
958 2651 1123 2712 certaverit
1145 2648 1251 2724 ostris,

507 2753 675 2833 praecipuo
697 2752 752 2816 sed
772 2752 884 2814 nonore
906 2753 1034 2816 ostendit
1057 2759 1193 2833 temporo
1215 2751 1298 2832 bino,

509 2857 734 2938 cumprimum
756 2857 923 2940 apriculum
945 2864 1054 2920 uentus
1077 2875 1170 2937 super
1194 2857 1334 2920 immouet
1356 2857 1415 2920 otri

509 2967 536 3024 et
558 2978 626 3024 cum
648 2961 747 3043 serpit
768 2959 863 3026 hiems
882 2967 976 3042 portu
995 2959 1145 3043 supundo
1164 2947 1296 3040 peritis.¹
1575 3023 1576 3044 ρ

297 3102 342 3150 tot
357 3086 481 3151 codices
508 3089 699 3153 Basileonsis
729 3099 761 3152 et
784 3091 944 3153 Parisinus
976 3089 1094 3152 habent
1124 3087 1203 3150 illud
1233 3095 1344 3152 uenum
1373 3105 1457 3169 super
1475 3086 1517 3144 in·
1575 3056 1576 3093 λ

356 3199 453 3254 namt
474 3194 554 3270 otri,
580 3195 751 3256 Bernensis
773 3203 806 3256 et
828 3177 1060 3255 Einsr'delensis
1081 3200 1190 3254 uentus
1212 3193 1436 3273 superimminet
1453 3187 1514 3268 opri-

356 3297 388 3358 in
412 3295 557 3358 Leidensi
573 3296 700 3359 Grotius
722 3297 845 3358 invenit
867 3305 976 3358 emtus
999 3297 1227 3378 superimminet
1247 3303 1362 3374 cestus,
1387 3291 1462 3376 quod
1475 3309 1515 3350 ru-

356 3399 429 3464 dem
452 3398 644 3466 omendandi
668 3409 812 3463 conatum
837 3399 943 3480 prodit
965 3400 1113 3462 similiter
1134 3407 1230 3480 atque
1246 3398 1334 3479 quod
1354 3391 1516 3476 exemplaria

355 3503 564 3566 Bononiensis
594 3505 669 3566 unni
700 3523 845 3566 nonnum
877 3503 1014 3582 habent,
1049 3510 1158 3564 uentus
1186 3521 1281 3584 super
1303 3503 1405 3565 iminet
1423 3505 1514 3560 auster¹
1574 3555 1575 3586 ρ

356 3607 459 3687 qualis
482 3605 550 3668 lere
573 3608 730 3668 sententia
755 3609 939 3688 requiratur
962 3616 993 3669 et
1017 3607 1131 3686 reliqui
1155 3623 1270 3668 uersus
1285 3605 1399 3668 docent
1413 3613 1439 3665 et
1453 3615 1515 3681 quae
1574 3587 1575 3657 l

355 3709 471 3774 Aratus
500 3709 578 3772 dicit
599 3730 631 3771 v.
651 3709 731 3790 265,
757 3703 773 3773 ὅ
797 3733 881 3795 opem
910 3705 960 3772 nul
991 3707 1095 3795 θέρεος
1125 3705 1177 3772 καὶ
1198 3705 1342 3793 χείματος
1366 3703 1515 3793 ἀρχομένοιο

356 3811 518 3898 Σημαίνειν
542 3810 698 3878 ἐκέλευσεν
721 3812 923 3899 ἐπερχομένου
946 3808 974 3875 τ’
1002 3807 1133 3899 ἀρότοιο.
1181 3831 1243 3874 non
1267 3813 1417 3875 successit
1434 3817 1514 3870 auum

356 3918 461 3979 Grotio
484 3916 662 3981 emendatio
686 3937 757 3980 oum
781 3917 987 3980 scribendum
1011 3917 1133 3998 putavit
1148 3918 1366 3998 cumprimum
1380 3911 1516 3998 apnnlm

356 4023 479 4083 veniens
507 4022 734 4103 superimminet
764 4029 885 4084 cestus:
915 4041 987 4082 nam
1011 4039 1116 4102 noque
1140 4028 1241 4082 uestes
1264 4021 1365 4082 latere
1387 4024 1474 4100 potest
1493 4011 1515 4072 in

357 4124 410 4185 illo
440 4127 504 4188 utri
525 4124 574 4188 vol
598 4126 669 4208 apri
691 4143 795 4206 neque
818 4125 1046 4207 superimminet
1068 4133 1177 4204 aptum
1200 4133 1259 4186 est.
1307 4124 1433 4186 loannes
1452 4119 1516 4180 ttu-
1573 4127 1574 4221 ρ

357 4228 442 4290 ricus
464 4229 591 4290 Vossius
613 4227 699 4290 drati
724 4249 756 4308 p.
774 4225 815 4292 te
838 4229 908 4290 vari
937 4227 1041 4290 simila
1070 4228 1194 4308 putavit
1216 4227 1432 4289 Germanicum
1455 4219 1515 4282 scri·

356 4332 458 4413 psisso
482 4334 701 4413 cumprimum
724 4333 878 4416 apricum
900 4339 1062 4394 maturans
1078 4332 1212 4393 imminet
1225 4337 1346 4394 nestas:
1368 4319 1515 4390 aliisvids

356 4433 445 4497 bitur
466 4434 712 4499 dissimillimum
737 4455 806 4498 esse
830 4437 910 4499 veri.
952 4435 1102 4517 equidem
1125 4453 1238 4497 censeo
1252 4429 1448 4498 scribendum
1462 4441 1514 4487 esu
