3182 5132
657 424 759 486 Venta.

319 602 393 695 ἀστη
417 605 660 695 δ’ἑπυργιόσαντο
683 606 734 674 καί
754 611 941 696 περισκεπεῖς

319 712 438 786 ἔτευξαν
461 709 560 786 οἴκους
582 709 633 777 καί
655 709 704 778 τόν
725 709 913 801 ἠγριωμένον

320 817 362 890 εἰς
385 811 495 902 ἥμερον
519 815 634 880 δίαιταν
657 809 772 902 ἤγαγον
795 817 870 902 βίον.

232 921 274 980 30
319 915 377 984 κάκ
401 923 490 985 τοῦδε
511 915 578 992 τούς
602 914 749 992 θανόντας
772 913 880 1007 ὥρισεν
903 917 992 1006 νόμος

318 1020 440 1109 τύμβοις
462 1017 622 1088 καλύπτειν
644 1017 882 1109 κάπιμοιρδισθαι
903 1023 998 1103 κόνιν,

319 1122 441 1213 νεκρούς
463 1121 648 1198 τ’ἀθόπτους
673 1120 743 1210 μηδ’
770 1127 801 1190 ἐν
825 1123 994 1212 ὀφθαλμοῖς
1017 1127 1080 1206 ἐᾶν,

318 1233 371 1315 τῆς
393 1225 508 1315 πρόσθε
531 1229 633 1313 θοίνης
657 1225 853 1314 μνημόνευμα
876 1231 1026 1317 δυσσεβές.

106 1352 208 1396 versu
237 1335 255 1394 3
280 1334 458 1396 Meineltius
480 1334 571 1396 dedit
592 1325 630 1418 ἧν
652 1329 722 1396 ποθ’
749 1329 838 1418 ἡνίκα
861 1335 1005 1417 dixitque
1028 1347 1102 1398 ante
1126 1339 1299 1400 Nauchium

105 1437 209 1499 luisse
232 1427 270 1520 ἧν
292 1430 436 1520 δπηνίκαε
464 1438 551 1516 atqui
567 1438 726 1500 Nauckius
742 1439 774 1499 in
791 1440 992 1518 Tragicorum
1009 1439 1198 1502 Graecorum
1215 1441 1301 1521 iraq-

103 1542 226 1602 mentis
249 1541 307 1601 hoc
329 1539 433 1621 ipsum
457 1541 607 1619 servavit,
633 1559 738 1620 neque
762 1539 895 1620 dispicio
917 1559 1044 1604 causam
1066 1561 1124 1604 our
1146 1554 1297 1606 mutetur.

102 1643 244 1705 similem
274 1645 425 1704 orationis
455 1643 586 1704 lormam
609 1641 729 1705 habent
751 1663 864 1705 versus
887 1644 1031 1724 Sophocli
1056 1645 1219 1707 mendacio
1241 1647 1300 1708 tri-

103 1745 194 1822 buti,
226 1742 312 1808 ἔσται
339 1740 415 1829 γάρ,
439 1741 524 1808 ἔσται
551 1745 647 1817 κεῖνος
676 1744 786 1817 αίῶνος
813 1741 922 1831 χρόνος
935 1739 1025 1810 Ὅταν
1054 1742 1144 1831 πυρὸς
1171 1747 1300 1831 γέμοντα

104 1842 263 1932 θησαυρόν
279 1845 380 1933 σχόση
396 1843 564 1932 Χρυσωπάς
586 1843 679 1932 αίθήρ
701 1849 794 1930 (apud
811 1850 986 1912 Nauckium
1003 1869 1034 1930 p.
1050 1852 1139 1933 ⁶285).
1170 1852 1298 1913 versnb

101 1951 265 2013 Naucltius
281 1951 358 2014 dicit
378 1970 413 2013 sa
429 1952 522 2013 malle
539 1949 728 2023 δυσαυλίσυς.
767 1951 917 2032 equidem
934 1973 996 2015 non
1012 1953 1105 2014 video
1121 1973 1177 2016 cur
1194 1955 1299 2016 malim

102 2073 217 2115 vocem
240 2072 321 2134 quae
345 2073 521 2135 nusquam,
547 2065 701 2135 quantum
725 2057 800 2134 scio,
826 2058 987 2135 reperitur
1009 2075 1114 2137 neque
1138 2057 1300 2138 pulchrior

102 2167 152 2219 est
182 2167 240 2218 aut
269 2158 372 2238 aptior
401 2176 495 2237 quam
527 2155 697 2241 δυσηλίους.
745 2159 803 2219 hoo
825 2169 930 2221 autem
954 2161 1058 2240 ipsum
1080 2179 1099 2221 a
1122 2160 1298 2222 Moschione

101 2263 245 2341 positum
268 2279 338 2322 esse
360 2259 536 2341 Aeschyleo
559 2271 736 2322 monstrant
759 2261 791 2322 in
815 2263 999 2324 Prometheo
1021 2283 1052 2324 ν.
1073 2264 1128 2324 lbi
1156 2256 1299 2348 κατώρυ-

101 2385 157 2448 χες
191 2357 325 2426 δ’ἔναιον
354 2354 427 2425 ὥστ’
460 2356 588 2448 ἀήσυροι
617 2357 780 2447 Μύρμηκος
809 2355 922 2448 ἀντρων
953 2364 984 2426 έν
1015 2366 1121 2450 μυχοῖς
1152 2359 1296 2449 ἀνηλίοις.

101 2485 244 2546 quornm
267 2485 438 2529 memorem
463 2465 560 2528 luisse
583 2467 792 2528 Moschionem
815 2485 878 2528 non
901 2478 1004 2547 potest
1027 2465 1178 2548 dubitari,
1204 2487 1299 2548 prac-

100 2571 217 2632 sertim
242 2587 312 2630 oum
333 2580 439 2649 postea
456 2569 632 2630 Promethei
650 2571 841 2631 mentionem
859 2569 981 2632 lecerit.
1029 2589 1123 2632 versu
1141 2571 1298 2634 loentum

102 2683 152 2734 est
178 2673 307 2734 Canteri
330 2667 460 2742 λαΐνοιςε
488 2671 561 2732 libri
585 2667 746 2755 λαγγήνοις
769 2682 800 2733 et
816 2669 955 2754 λσγίνσις.
1004 2691 1065 2734 non
1098 2675 1203 2736 minus
1226 2693 1298 2736 cer-

102 2786 172 2838 tum
189 2794 287 2836 versu
306 2776 339 2834 ll
361 2775 459 2836 Grotii
475 2768 643 2845 εόιιότιδος;
670 2773 744 2834 libri
760 2768 931 2856 εόγαίτιδος.
979 2775 1081 2836 simile
1106 2785 1152 2836 est
1182 2777 1213 2836 in
1238 2777 1298 2858 Cy-

100 2881 262 2960 negeticis
278 2897 307 2938 rr
322 2879 383 2940 3l0
407 2875 510 2939 πίδακι
533 2871 559 2939 δ’
566 2876 738 2960 ἐμπέλασαν
754 2871 938 2961 βρομιυίτιδι.
986 2877 1043 2940 sed
1058 2887 1151 2939 antea
1167 2897 1263 2941 versu
1279 2881 1297 2940 9

102 2983 268 3044 inutiliter
290 2981 449 3042 Nauckins
478 2982 611 3042 coniecit
638 2980 843 3042 scribendum
868 2999 938 3041 esse
961 2973 1138 3062 καμπύλοις.
1187 2981 1297 3042 eadem

103 3085 238 3146 videtur
262 3081 358 3146 luisse
382 3084 563 3144 coniectura
585 3083 710 3145 loannis
733 3085 860 3145 Henrici
885 3085 996 3162 Vossii,
1022 3085 1077 3164 qui
1100 3083 1140 3145 ad
1163 3079 1294 3167 καμπύλ’

101 3178 218 3272 ἄροτρα
249 3185 335 3266 quod
365 3197 414 3248 est
443 3187 476 3247 in
500 3187 621 3266 llymno
650 3187 682 3247 in
707 3186 854 3248 Cererem
880 3205 910 3248 ν.
929 3187 990 3247 308
1015 3186 1182 3268 adscripsit
1213 3188 1298 3249 idom

102 3293 166 3371 legi
197 3290 285 3369 apud
314 3289 524 3351 Moschionem
555 3299 586 3350 et
615 3288 701 3368 apud
731 3289 896 3350 Solonem:
934 3308 1069 3370 quorum
1099 3289 1191 3350 Solon
1222 3309 1298 3352 sane

101 3394 186 3456 dixit
218 3384 308 3462 ἀλλος
330 3396 386 3476 γῆν
412 3390 527 3474 τέμνων
549 3390 764 3475 πολυδένδρεον
786 3391 829 3462 είς
852 3387 987 3454 ἐνιαυτόν
1011 3386 1175 3475 Λατρεύει,
1206 3393 1299 3455 τοῖσιν

101 3490 239 3580 καμπύλ’
267 3485 379 3579 ἄροτρα
404 3494 498 3577 μέλει.
547 3493 603 3556 sed
620 3513 636 3556 a
653 3513 888 3575 supervacanea
912 3495 1060 3575 opinione
1076 3513 1225 3556 revocare
1242 3495 1299 3556 de-

101 3600 203 3662 bebat
227 3600 368 3680 oleaeque
383 3599 525 3661 Minerva
540 3599 705 3681 leccatriae
726 3598 854 3678 ααοὶραο
873 3615 953 3678 puer
975 3604 1161 3684 mooptrator
1182 3599 1295 3660 crctri.

101 3703 236 3766 videtur
263 3712 368 3764 autam
391 3701 546 3762 Moschion
571 3699 610 3763 de
634 3699 790 3762 industria
814 3699 1023 3781 frequentiori
1047 3699 1178 3761 fortasse
1201 3701 1298 3762 aratri

101 3807 247 3887 epitheto
277 3807 383 3866 minus
411 3805 522 3865 tritum
553 3802 772 3865 substituisse:
806 3821 878 3864 nam
906 3803 1121 3883 exquisitioris
1143 3803 1299 3864 sermonis

101 3910 248 3974 studium
271 3909 390 3989 aliquot
413 3909 482 3969 eius
503 3907 651 3968 versiculi
675 3905 858 3967 ostendunt.
906 3924 979 3967 mox
998 3903 1089 3966 valde
1107 3904 1299 3986 depravatus

102 4025 152 4076 est
175 4031 291 4075 versus
308 4012 365 4090 l3,
398 4009 544 4072 mirabile
573 4019 678 4071 autem
709 4007 793 4089 qnod
816 4009 954 4070 Nauckio
985 4008 1016 4068 in
1047 4017 1183 4069 mentem
1212 4009 1299 4069 venit

101 4107 239 4202 κῶφεσιν
263 4107 396 4198 βρύουσα
418 4114 470 4197 γη.
517 4112 694 4174 hlaineltius
717 4111 845 4192 scripsit
866 4105 956 4195 κωφὰ
976 4104 1150 4195 χηρεύουσα
1165 4112 1214 4192 γῆ,
1242 4109 1298 4171 sed

101 4231 137 4283 ut
168 4228 279 4300 postea
310 4216 431 4278 diceret
459 4217 557 4278 latere
589 4213 719 4278 fortasse
749 4213 847 4275 aliud.
896 4223 926 4275 et
955 4212 1095 4294 protecto
1127 4213 1207 4276 illud
1235 4231 1299 4274 non

101 4325 212 4386 minus
234 4318 457 4402 probabilitate
481 4326 567 4380 caret
590 4335 685 4398 quam
708 4335 790 4398 quae
812 4317 865 4378 alii
889 4316 1086 4397 protulerant
1101 4310 1190 4401 κωρά
1210 4308 1298 4378 τ’ἑκ-

101 4420 225 4511 φύουσα
247 4425 287 4508 γῆ
311 4432 343 4484 et
364 4416 453 4506 κωφό
476 4415 694 4505 τ’έκτρέφουσα
716 4422 767 4503 γῆ.
814 4419 893 4481 mihi
916 4439 956 4482 ex
979 4429 1154 4480 monstroso
1178 4419 1230 4479 illo

356 4518 426 4589 ἀλλ’
451 4517 489 4608 ἧν
513 4517 637 4606 ἀκύμων
659 4515 840 4606 κωφεύουσα
864 4520 973 4606 δέουσα
994 4509 1042 4604 γῆΙ
