3178 5136
608 425 712 486 Vinii.
1176 411 1249 484 497

77 613 163 674 vicem
183 613 309 693 capiant
334 619 435 696 pontes
457 619 485 674 et
505 611 627 674 discant
653 619 764 694 ροοπεο
793 611 930 676 libertate
957 613 1092 676 discordi
1113 615 1251 676 seruien-

76 713 148 776 tibos
168 717 209 776 sit
234 715 343 778 utilius
368 733 464 776 eoum
497 731 561 777 osse
594 717 644 777 cui
676 717 823 778 serviant.
871 717 904 777 in
934 715 1026 778 libris
1047 716 1195 778 Vaticano
1218 727 1250 778 et

76 816 302 880 vindobonensi
324 818 478 898 scriptum
501 827 548 880 est
573 826 608 880 ott
629 835 706 900 quoe
731 817 838 899 ferunt
859 837 994 900 puerque
1015 826 1161 901 expetunt
1180 836 1250 900 opes

74 927 167 1000 peotes
187 919 310 983 discam
329 921 457 982 invicem
478 921 603 1001 copioot
623 928 746 1000 ρυουιο.
795 937 876 1000 quaa
898 939 994 1001 supra
1017 923 1107 1000 posui
1131 921 1249 985 Keilius

74 1021 156 1084 dedit
184 1032 217 1084 et
245 1023 395 1103 leguntur
423 1022 490 1083 lere
519 1021 631 1085 eadem
661 1023 694 1083 in
725 1023 960 1104 exemplaribus
983 1025 1055 1085 olim
1080 1025 1245 1104 inpressis.

74 1142 170 1204 neque
192 1143 256 1186 non
279 1122 491 1186 traiciendum
513 1124 573 1188 luit
594 1125 732 1200 ἀίσσοντες
766 1135 833 1187 tum
864 1137 950 1188 recte
980 1126 1175 1189 intellectum
1199 1136 1247 1189 est

74 1226 226 1288 conferri
249 1245 341 1308 posse
367 1226 473 1308 ferunt
495 1237 527 1288 et
548 1235 711 1310 adpetunt,
743 1227 799 1290 sad
828 1231 952 1309 passiva
981 1226 1081 1290 verba
1112 1229 1245 1310 requiri.

72 1346 176 1392 verum
198 1349 278 1413 quoe
303 1329 450 1409 semotus
471 1349 607 1413 quaeque
628 1339 814 1412 edpetuotur
843 1350 906 1394 non
929 1330 1087 1411 quadrant
1109 1332 1184 1394 satis
1206 1330 1248 1393 ad

73 1433 266 1494 sententiam.
307 1442 338 1494 at
360 1430 442 1494 bene
465 1433 595 1513 quidem
619 1441 765 1496 emuntur
794 1432 998 1496 scribendum
1021 1453 1090 1496 esse
1113 1435 1247 1496 coniecit

72 1535 198 1615 Lipsius,
223 1534 281 1597 sed
304 1534 443 1597 debebat
465 1535 651 1616 intellegere
674 1554 715 1598 ne
738 1545 803 1599 tum
820 1536 950 1617 quidem
965 1545 1072 1617 aptum
1095 1555 1164 1598 esse
1187 1555 1247 1598 cor-

68 1645 216 1716 petuntur.
250 1647 335 1700 certa
358 1636 576 1700 emendatione
599 1639 678 1700 mibi
700 1638 810 1702 videor
824 1639 901 1702 baec
917 1640 1096 1718 restituere,
1120 1647 1155 1700 ot
1169 1657 1247 1721 quoe

70 1748 213 1803 seruntur
239 1757 375 1823 ητιοεηυο
403 1749 585 1804 emetuntur
615 1760 723 1804 omnes
755 1743 884 1804 invicem
905 1744 1026 1822 capient
1046 1749 1147 1825 peotes
1177 1741 1245 1803 dis-

69 1851 198 1922 cantque
220 1851 331 1926 quanto
354 1843 493 1904 libertati
516 1843 652 1906 discordi
671 1844 874 1906 servientibus
889 1846 929 1907 sit
946 1844 1055 1906 utilius
1069 1863 1166 1906 onum
1180 1861 1245 1906 esse

68 1947 113 2005 coi
132 1947 286 2007 seuient-
330 1948 479 2007 emetenti
501 1945 653 2025 verbum,
682 1965 744 2027 quo
767 1947 910 2009 Horatius
932 1965 1009 2009 usus
1031 1955 1089 2024 est,
1115 1945 1244 2009 lacobus

69 2047 358 2148 pulchrevreddidit
380 2048 503 2110 llanilio
521 2068 536 2110 r
552 2049 625 2128 att,
656 2051 779 2112 eonesris
801 2047 999 2129 attractibus
1022 2050 1086 2129 ipse
1103 2047 1241 2129 fruebar:

67 2148 117 2211 ubi
139 2149 212 2211 libri
235 2169 250 2212 e
271 2148 544 2230 miserishabant,
577 2152 738 2214 Bentleius
759 2162 864 2216 autem
888 2152 1013 2232 ingenio
1035 2152 1168 2213 nimium
1191 2153 1243 2212 in-

68 2251 169 2314 dulsit.
214 2271 315 2316 mones
345 2254 553 2315 aPuteolano
581 2255 712 2334 sumpsi.
759 2254 899 2317 Gesnero
929 2252 1067 2316 debetur
1095 2251 1239 2316 libertati.

67 2355 95 2416 in
116 2375 177 2436 quo
198 2354 469 2435 adquiescendum
492 2366 576 2418 arat:
615 2375 688 2418 nam
712 2356 860 2438 trigidum
883 2355 1014 2436 quidem
1037 2357 1080 2418 ita
1102 2357 1243 2418 nascitur

65 2475 202 2538 acumen,
226 2458 283 2521 sed
306 2459 374 2539 ipsa
388 2459 533 2522 antitheti
551 2458 648 2520 lorma
669 2461 744 2521 satis
766 2459 940 2522 indicatum
954 2475 1060 2538 neque
1076 2457 1241 2539 indignum

69 2560 170 2622 Plinio.
1082 2554 1086 2564 '

144 2699 243 2760 LVllI.
283 2694 457 2782 Φιλόχελυις
480 2691 544 2784 ρξζ’
567 2720 599 2780 p.
618 2697 726 2759 atah.
752 2693 888 2781 Κυμαῖος
905 2691 977 2758 ἰδὼν
996 2689 1144 2780 πρόβατον
1160 2720 1240 2779 συμ-

65 2800 269 2885 πεποδισμένον
292 2798 344 2864 καὶ
366 2791 444 2866 οὕτω
473 2796 644 2886 κειρόμενον
672 2797 754 2864 εἶπεν
786 2793 981 2885 ’(εόχαριστῶ
1007 2801 1050 2883 τῷ
1071 2797 1164 2883 κυρίῳ
1184 2822 1240 2882 μου

65 2896 108 2967 ότι
127 2899 268 2970 οὐδέποτέ
291 2928 328 2987 με
351 2899 445 2988 δήσας
468 2899 610 2990 ἔκειρεν.”
638 2905 754 2966 'immo
776 2904 819 2988 τῷ
841 2903 941 2987 κουρεῖ
964 2926 1031 2986 μου.

143 3038 186 3105 σδ’
209 3060 242 3124 p.
262 3042 313 3104 lb.
339 3036 438 3126 ἀφυὴς
469 3037 677 3125 μαθηματικός
707 3041 901 3125 μακρολογῶν
927 3032 994 3102 τινὰ
1015 3035 1075 3122 ἔφη
1100 3031 1180 3102 “οόκ
1202 3027 1239 3121 ἦν

67 3167 109 3208 σοι
128 3141 202 3209 κατὰ
224 3144 310 3229 γένος
331 3139 507 3209 τεκνῶσαι.”
544 3146 596 3208 τοῦ
618 3141 652 3207 δὲ
674 3137 805 3214 εἰπόντος
827 3135 874 3206 ότι
897 3135 996 3204 ι(ἑπτὰ
1009 3140 1119 3211 παῖδας
1140 3134 1234 3226 ἔχω,”

66 3244 137 3312 εἶπεν
168 3242 301 3312 ’ίυόκυῦν
324 3241 455 3333 πρόσεχε
478 3237 611 3319 αιίτοῖς.”
656 3245 861 3310 scribendum
884 3255 931 3306 est
954 3245 1151 3329 μσιρολοχῶν.
1192 3254 1239 3306 est

67 3354 142 3412 enim
165 3349 351 3436 μοιρολοχεῖν
373 3342 439 3414 τινά
469 3352 629 3432 explorata
658 3352 765 3431 genesi
795 3357 908 3410 eventa
939 3348 1073 3409 alicuius
1104 3347 1238 3409 hominis

66 3453 206 3515 definire:
244 3455 349 3516 minus
379 3464 464 3515 reeta
495 3454 553 3514 boe
574 3451 708 3514 verbum
730 3452 908 3532 explicatur
930 3452 962 3511 in
985 3450 1144 3512 Thesauro
1168 3451 1238 3512 Ste-

65 3556 211 3634 phaniano
233 3567 257 3619 t.
276 3575 340 3636 sp.
361 3557 455 3616 ⁴⁴38.
494 3554 579 3636 quod
609 3555 848 3616 mathematicus
874 3553 951 3614 dicit
979 3545 1085 3614 οόκοῦν
1108 3545 1237 3636 πρόσεχε

65 3653 153 3731 αὐτοῖς
181 3661 239 3722 hoc
267 3659 440 3740 signifieat,
479 3658 597 3737 ‘itaque
620 3676 695 3719 cave
718 3655 776 3718 tibi
799 3655 839 3718 ab
862 3657 925 3717 eis:
962 3673 1035 3716 nam
1059 3653 1236 3734 prodigiose

65 3764 121 3822 nati
143 3763 221 3826 mala
244 3741 508 3826 tibiminantur!

141 3893 181 3962 σε’
204 3920 237 3980 ρ.
258 3898 309 3958 45.
335 3891 433 3982 ἀφυὴς
465 3890 566 3980 μάντις
595 3889 728 3978 ἐμπεσὼν
759 3893 802 3964 εἰς
822 3889 982 3975 πολεμίους
1004 3885 1055 3954 καὶ
1077 3885 1167 3953 εἰπὼν
1191 3883 1236 3953 ότι

67 3996 183 4082 “μα’ντις
205 3999 286 4084 εἰμί”
310 3994 476 4084 μελλούσης
496 3994 570 4084 πρός
586 3991 763 4068 ἀντιπάλους
780 3990 879 4081 μάχης
895 3989 1098 4059 συνάπτεσθαι
1120 3987 1234 4076 “utub-

66 4103 162 4167 oeobe”
192 4101 272 4168 εἶπεν
302 4099 375 4166 “abu
397 4097 539 4184 πόλεμον,
563 4095 615 4165 ἐὰν
638 4094 690 4172 τὰς
712 4094 865 4170 ἐξόπισθεν
886 4097 991 4184 τρίχας
1012 4098 1071 4159 τῶν
1093 4097 1234 4180 κεφαλῶν

65 4197 137 4286 ὑμῶν
158 4207 187 4270 ἐν
215 4229 253 4292 ιη
275 4201 442 4291 παρατάξει
461 4205 515 4288 τῆς
537 4199 638 4289 μόχης
661 4193 709 4287 μηΙ
732 4201 910 4285 κλέψωσιν.”
955 4207 1024 4281 post
1048 4193 1150 4283 μάντις
1173 4197 1275 4281 siplae

65 4306 259 4384 probabiliter
280 4319 370 4391 putat
385 4306 590 4370 Eberhardus
613 4304 720 4378 συθείς
742 4303 911 4366 excidisse.
957 4315 1024 4366 tum
1045 4312 1131 4365 recte
1146 4303 1235 4364 Bois-

65 4410 188 4474 sonadus
221 4411 379 4474 intellexit
412 4410 617 4473 scribendum
647 4427 715 4472 esse
744 4401 880 4490 νικήσετε
909 4415 941 4468 et
970 4403 1128 4490 βλάψουσιν.
1176 4403 1233 4467 sed

66 4523 214 4588 praeterea
236 4508 286 4578 τὸν
309 4506 438 4596 πόλεμον
462 4512 646 4576 mutandum
669 4521 716 4573 est
739 4511 772 4571 in
790 4504 858 4580 τοὺς
872 4505 1043 4591 πολεμίους.
1092 4509 1184 4570 inane
1202 4519 1233 4568 et
