3178 5136
585 403 689 466 Vnum.
1151 389 1228 463 495

66 611 160 654 versus
177 589 337 654 secundus
364 592 398 652 in
427 589 508 652 libro
531 591 678 654 vossiano
708 593 749 652 ita
779 593 916 672 scriptus
939 602 1002 671 εει,
1039 594 1155 674 Impius
1178 594 1229 654 in-

61 693 146 772 suido
165 693 324 775 releqionis
346 711 430 774 apes.
465 711 527 756 uon
550 694 651 774 potuit
673 691 784 773 lugere
807 694 1002 774 Scaligerum
1023 694 1227 758 scribendum

64 815 121 857 esse
141 795 286 878 infandae
308 796 481 878 reliqiortis:
508 795 566 859 sed
587 795 681 858 simul
703 796 790 858 aliud
812 796 954 876 protulit.
994 799 1145 860 nimirum
1167 797 1229 860 du-

64 897 161 960 bitavit
181 897 335 978 quomodo
359 916 449 979 apes,
482 897 567 978 quod
588 898 681 962 nihili
703 908 768 978 ast,
793 899 966 979 corrigeret
988 899 1132 980 duasque
1154 900 1229 962 iecit

63 1002 254 1064 coniecturas.
291 1019 426 1081 qiturum
449 1009 561 1064 neutra
585 1003 682 1081 magis
704 998 832 1081 probari
855 1011 960 1083 potest
974 1021 1069 1082 quam
1084 1023 1165 1084 quae
1188 1002 1229 1064 ab

61 1105 122 1164 aliis
152 1105 324 1183 excogitata
354 1113 439 1166 suut.
485 1103 543 1166 sed
572 1123 612 1164 ex
640 1103 784 1166 eiusdem
812 1105 963 1185 Scaligeri
993 1105 1119 1168 schedis
1149 1108 1230 1168 Bur-

63 1225 182 1268 mannus
204 1207 330 1268 tertiam
351 1205 456 1268 attulit
477 1207 699 1286 coniecturam,
726 1207 758 1268 in
781 1225 875 1287 quarn
899 1209 993 1269 etiam
1016 1209 1139 1270 lsaacus
1154 1210 1231 1270 Vos-

61 1309 117 1370 sius
137 1309 285 1372 incidisse
314 1307 453 1388 videtur‚
486 1327 679 1389 quamquam
707 1311 733 1370 is
757 1309 869 1372 Catulli
893 1331 925 1390 p.
944 1311 1005 1370 3l5
1032 1309 1171 1374 absurde
1194 1329 1230 1372 ea

62 1412 156 1472 utitur.
193 1421 241 1472 εει
263 1422 368 1474 autem
390 1413 555 1473 verissima
578 1410 846 1492 scribendumque
868 1412 936 1474 sine
953 1411 1149 1476 dubitatione
1172 1414 1230 1474 itur

61 1514 120 1592 pins
148 1513 293 1594 infandae
322 1515 478 1596 reliqionis
508 1532 602 1595 opem.
649 1514 772 1594 apicem
801 1524 920 1576 constat
950 1515 1070 1578 dietum
1098 1533 1167 1577 esse
1191 1512 1231 1575 de

62 1634 169 1678 summo
192 1617 320 1696 honore,
349 1635 367 1678 a
390 1616 514 1696 quoad
538 1617 680 1678 homiues
703 1618 735 1677 iu
758 1617 864 1696 aliqua
888 1635 922 1678 re
945 1618 1106 1699 principes
1128 1627 1233 1678 traus-

63 1716 128 1778 lerri
154 1720 293 1800 potuisse
324 1720 393 1781 sine
426 1719 581 1799 exemplis
615 1717 835 1780 crederemus:
875 1719 933 1782 sed
961 1720 1083 1783 locutus
1113 1721 1155 1780 ita
1184 1728 1232 1782 est

62 1820 241 1886 Claudianus
264 1824 297 1884 in
320 1823 505 1902 Eutropium
521 1841 543 1882 u
559 1821 633 1898 350,
665 1820 825 1882 considunt
852 1823 952 1901 apices
973 1823 1086 1906 qemini
1106 1822 1232 1884 dicionis

62 1926 140 2001 ane,
171 1928 228 1988 llic
249 1943 377 2007 coquus,
407 1923 454 1986 ltro
483 1925 559 2000 leno,
591 1922 705 2002 defossi
731 1921 855 1984 nubere
885 1931 970 2006 terqa
1000 1925 1141 1996 Servilio,
1173 1943 1233 1984 non

62 2035 134 2104 arte,
156 2047 260 2109 pares.
301 2027 546 2090 conmemoravit
576 2024 620 2086 ibi
651 2024 810 2088 Gesnerus
833 2026 1023 2088 Savaronem
1053 2027 1087 2087 in
1111 2025 1232 2088 Sidonii

67 2131 117 2209 llp.
135 2149 163 2191 rr
179 2133 231 2192 ii.

137 2235 222 2296 LVll.
270 2233 389 2294 Plinius
412 2233 443 2294 iu
467 2231 656 2312 Panegyrico
673 2251 700 2292 c.
720 2233 737 2290 9
761 2239 794 2293 nt
816 2249 887 2292 vero
903 2231 944 2294 od
960 2239 986 2294 te
1005 2230 1149 2312 fortunae
1165 2238 1234 2293 tuce

61 2340 176 2400 vinatiis
198 2338 290 2412 venit,
315 2333 449 2398 malebas
472 2334 590 2415 quidem
610 2332 663 2396 ltoc
685 2351 749 2396 esse
771 2333 849 2415 qnod
868 2334 989 2414 saeros,
1014 2334 1067 2396 sed
1088 2352 1149 2396 noa
1167 2341 1236 2396 erat

61 2436 189 2500 lidorum.
230 2457 271 2500 on
293 2457 354 2500 non
382 2436 587 2517 obsequereris
617 2437 751 2517 principi
778 2437 870 2515 ciuis,
906 2437 1023 2520 leqatus
1046 2439 1230 2517 imperatori,

59 2540 132 2616 filies
151 2543 259 2622 patri?
290 2540 342 2602 nbi
363 2539 470 2604 deiude
492 2539 679 2619 disciplina?
711 2537 848 2601 ultimos
871 2558 892 2600 a
913 2538 1079 2600 maio-ribus
1102 2539 1234 2600 traditus

61 2643 256 2726 φιοάωιηᾳιιε
285 2645 449 2723 imperator
476 2659 587 2704 munus
615 2642 786 2722 inianqeret
812 2660 906 2724 aequo
935 2643 1036 2703 anino
1065 2650 1236 2722 paratoque

62 2745 224 2808 subeundi?
260 2745 333 2828 quid
361 2749 441 2806 enini
466 2746 495 2806 si
513 2745 691 2824 provincias
713 2761 755 2804 eoe
773 2745 961 2824 provinciis,
986 2761 1028 2804 em
1050 2742 1134 2806 bellis
1157 2741 1236 2804 bello

63 2849 236 2910 mandaret?
262 2895 268 2908 .
290 2895 296 2909 .
319 2893 325 2908 .
352 2847 452 2909 eodem
474 2847 526 2908 illo
548 2849 594 2909 uti
614 2848 682 2908 inre
703 2864 771 2908 cum
798 2845 839 2908 od
861 2847 1020 2925 imperium
1041 2851 1159 2906 revocet
1179 2864 1236 2926 qno

62 2953 98 3012 sit
118 2969 193 3014 usos
215 2969 283 3014 curn
305 2950 346 3012 ad
368 2951 537 3012 exercitum
565 2951 683 3012 miserit
708 2947 842 3028 nihilque
870 2949 1013 3010 interesse
1041 2949 1087 3009 ire
1110 2948 1238 3029 leporum

63 3073 100 3114 un
121 3055 223 3119 redire
241 3055 413 3135 principem
434 3051 545 3130 iubeat,
570 3053 634 3114 nisi
655 3051 734 3132 qood
755 3052 854 3113 maior
876 3053 915 3114 sit
937 3048 1071 3133 obsequii
1083 3050 1184 3132 pluria
1208 3051 1239 3111 in

64 3175 92 3216 eo
114 3157 190 3238 qnod
212 3159 281 3240 quis
303 3157 405 3220 minus
428 3155 508 3218 velit.
536 3163 620 3216 recte
637 3154 756 3216 Keilius
771 3163 842 3234 post
863 3152 1025 3215 mandaret
1045 3151 1167 3235 aliquid
1190 3153 1240 3214 in-

64 3259 224 3322 tercidisse
247 3257 446 3338 significavit.
486 3255 704 3320 reducendum
734 3275 803 3318 esse
833 3254 961 3318 videtur
983 3255 1122 3336 adparet,
1156 3253 1242 3334 quod

65 3363 255 3442 aptissimum
278 3370 327 3424 est
349 3371 381 3424 ει
402 3369 532 3441 propter
554 3360 679 3422 ultimas
695 3369 843 3439 quattuor
858 3358 989 3436 litterae,
1016 3377 1097 3438 quae
1113 3355 1244 3420 caedem

67 3467 192 3528 suntin
214 3463 386 3542 mandaret,
411 3461 544 3544 proclivi
568 3480 673 3523 errore
696 3463 795 3522 omitti
818 3461 930 3541 potuit.

150 3569 222 3648 Cap.
244 3569 294 3630 tt.
324 3585 382 3648 per
403 3566 457 3628 ltoc
478 3583 563 3626 omne
584 3565 719 3645 spatium
740 3581 806 3626 curn
829 3563 958 3646 leqiones
975 3561 1100 3624 duceres
1115 3579 1169 3624 seu
1188 3579 1246 3641 po·

67 3674 124 3734 tius
151 3673 247 3752 [tanta
267 3670 411 3732 velocitas
434 3667 509 3750 erat)
536 3685 682 3748 raperes,
713 3685 773 3726 non
801 3664 972 3728 veiionlurn
993 3683 1154 3746 umquam,
1183 3681 1244 3724 non

67 3793 172 3857 aaron
192 3774 376 3854 respexisti:
414 3772 490 3834 levis
511 3771 571 3847 iiie,
601 3788 661 3832 aon
683 3768 853 3833 subsidium
875 3769 994 3831 itineris
1017 3766 1070 3830 sed
1091 3766 1181 3828 denis
1207 3763 1245 3845 [et

68 3877 158 3959 annal,
181 3863 437 3958 submqodbutur,
461 3881 496 3936 nt
516 3875 604 3936 cuins
626 3871 731 3934 nulius
753 3871 808 3934 tibi
827 3889 904 3936 usos
925 3872 989 3932 nisi
1008 3887 1076 3932 uim
1091 3869 1141 3932 die
1154 3869 1287 3932 stati-tt

69 3997 172 4041 corun
189 3979 369 4060 promotam
395 3994 536 4056 campum
564 3975 726 4038 alacritate
755 3974 898 4038 discursu
923 3973 1052 4056 pulvere
1080 3971 1242 4034 attolleres.

67 4082 238 4162 significavi
261 4088 378 4144 etcum
399 4097 464 4142 nnn
478 4076 713 4142 emendandum
728 4095 809 4154 osse,
835 4075 894 4138 sed
910 4074 1093 4138 tollendum.
1126 4073 1245 4154 quippe

68 4201 173 4265 epium
193 4187 261 4248 sive
283 4201 367 4246 ecum
389 4179 475 4262 quod
496 4181 600 4262 paullo
621 4189 714 4242 autea
736 4180 853 4260 legitur
875 4195 1016 4240 errorem
1037 4178 1175 4256 peperit.

154 4286 226 4368 Gap.
245 4287 297 4348 et.
331 4303 423 4368 worn
445 4283 605 4350 dissimilis
633 4301 732 4364 nuper
758 4281 887 4344 attenua
906 4280 1060 4360 principis
1082 4279 1244 4357 transitus,

69 4391 96 4450 si
118 4396 214 4452 tanen
238 4389 389 4452 omnim
410 4387 480 4462 ille,
508 4405 569 4448 non
587 4386 742 4466 populatio
762 4383 834 4464 snit,
859 4401 927 4445 cum
950 4380 1076 4446 adactus
1098 4380 1248 4461 liospiturn

70 4500 221 4556 ecermmt
242 4492 404 4575 omniaque
425 4489 539 4554 deutra
563 4489 711 4570 laevaque
736 4493 866 4566 perusta
888 4491 916 4546 et
938 4485 1064 4561 attrito,
1095 4490 1129 4546 ut
1150 4485 1179 4546 si
1200 4483 1249 4546 vis

986 4601 1040 4652 ³2*
