3160 5132
336 427 558 490 8444444444
574 443 643 490 vor·
656 430 791 490 44444444
813 429 959 502 septies
1194 415 1248 486 91¹

640 723 660 782 2

74 873 202 975 4444444444
222 873 283 958 otis
300 876 480 938 Burmaecs
503 857 586 958 44444
603 895 670 939 vom
692 864 732 980 24
750 880 815 958 joclt'
837 863 931 957 44449,
961 863 1009 940 b'et'
1035 861 1248 979 Worpiswortit'

85 979 110 1056 4,
127 977 196 1040 349.
241 980 421 1041 1444444444
444 984 580 1044 44444444
600 999 668 1042 vom
692 982 731 1043 42
748 983 824 1062 44444
846 979 926 1042 47444
952 972 1067 1044 ebeodio
1090 981 1119 1062 4,
1138 973 1233 1064 394.)Ι

362 1166 548 1232 Doctissim'ii
570 1179 601 1232 et
625 1153 839 1234 (iel‘elierririro
863 1157 936 1235 Vir'o

502 1275 593 1335 Petr'o
615 1275 795 1336 Burmanno

378 1372 554 1438 liicliardios
575 1377 740 1439 Bentleius
763 1378 795 1438 S'.
822 1379 854 1438 P.
880 1377 916 1438 l).

141 1545 299 1610 subirasci
323 1549 401 1610 mihi
424 1547 570 1630 44444444,
595 1550 646 1610 vir
667 1545 883 1629 ornatissime,
909 1549 1249 1631 etmerituqtlltlemp·

71 1651 99 1710 si·
116 1651 221 1732 colpos
249 1649 320 1712 eius
353 1649 459 1714 affinis
487 1660 568 1716 4444Ι
588 1653 682 1734 qued'
702 1652 776 1714 olitn
805 1663 883 1736 post*
904 1653 1097 1716 arttltoissinrli
1116 1653 1243 1716 emovit

71 1752 173 1816 obitum
194 1755 393 1817 suavissimis
415 1773 432 1816 a
456 1757 497 1816 te·
511 1756 629 1818 litteris
640 1755 1149 1838 appelletucnonresponderim.
1185 1763 1245 1838 ege

71 1875 132 1918 vero
160 1857 240 1921 illud
270 1859 468 1920 sanctissime
498 1858 566 1920 tibi
580 1859 741 1922 aiiirmsre
762 1875 891 1941 possum
914 1869 1038 1924 tantum
1061 1869 1129 1923 tum
1151 1878 1169 1921 a
1193 1879 1243 1922 me

25 2020 28 2028 .
70 1960 168 2024 afuisse
182 1969 217 2024 44
232 1961 514 2024 amicitiam'tuam·
523 1962 741 2026 tamcelrdlde'
754 1957 1089 2045 pmttxeqocolilrtam
1102 1961 1243 2044 superbe

70 2065 247 2144 spreverim,
278 2064 441 2127 utstatim
473 2065 603 2128 honesto
627 2067 736 2128 iuveni
760 2067 963 2146 Plumtraeo,·
986 2070 1048 2149 qul¹
1065 2066 1247 2130 medicinae

71 2185 179 2246 operam
203 2166 337 2230 daturus
358 2169 519 2230 Bataviam
542 2170 681 2232 vestram
705 2179 772 2233 tum
795 2168 967 2252 cogitabat,
998 2171 1127 2233 44444444ι
1141 2169 1243 2233 tradi-

71 2267 156 2332 derim
177 2271 355 2334 Traiectum
378 2269 419 2332 ad
442 2279 478 2334 te
496 2267 719 2353 (4444444444,Ι
741 2274 773 2336 in
797 2273 923 2354 quibus·
938 2269 979 2336 44
993 2274 1242 2356 inexspectatam

72 2375 165 2453 magni·
190 2374 284 2436 amici
317 2382 451 2436 mortem
480 2383 592 2437 tecum*
615 2374 773 2439 dcilebum
803 2385 835 2439 et
863 2375 1048 2458 gratulebar
1073 2387 1105 2438 te
1134 2378 1248 2454 444444,Ι

71 2493 150 2554 quern
177 2495 217 2538 ex
243 2479 297 2540 roi
328 2473 493 2562 μακαρίτου
522 2479 639 2542 44444444
661 2481 880 2543 charissimum
905 2482 938 2542 ei·
957 2479 1063 2543 fuisse·
1077 2485 1247 2560 noveranlp

72 2577 96 2637 in
121 2579 216 2642 locum
246 2581 326 2641 tanti
357 2579 498 2643 doctoris·
522 2597 596 2644 esse·
614 2583 793 2645 suffectum.
840 2584 893 2645 illo
916 2602 1009 2664 vero,
1042 2582 1127 2664 quoti
1150 2583 1243 2664 longo

71 2691 127 2760 post
147 2691 286 2764 tempore
310 2683 465 2764 intellexi,
491 2685 689 2748 Plumtra'eus
710 2705 728 2748 a
751 2687 863 2767 piratis
885 2685 984 2750 Gallis
998 2688 1195 2767 interceptus
1210 2696 1242 2748 et

70 2783 156 2847 literis
188 2787 268 2848 meis
297 2795 329 2848 44
356 2787 441 2848 omni
470 2804 527 2850 sua
561 2789 779 2870 suppellectile
809 2789 968 2852 Ostendes
999 2790 1151 2870 spoliatus
1180 2799 1240 2851 est.

70 2886 169 2967 labes,
193 2890 245 2950 vir
266 2890 401 2969 eximie,
435 2896 493 2953 444
515 2890 562 2952 444
578 2891 766 2973 superiores¹
781 2902 860 2956 tuas·
874 2893 991 2955 4444444·
1005 2893 1051 2954 444
1073 2911 1091 2954 4
1114 2909 1164 2953 me
1189 2900 1242 2953 rc·-

69 2993 159 3070 sponsi
186 2991 318 3070 tuleri's3
352 3011 438 3056 nunc
465 2993 509 3056 de
536 2996 705 3075 postremis
731 2997 795 3058 tuis
817 3005 848 3058 44
870 2996 999 3078 egregio
1020 2994 1080 3056 illo'
1096 3011 1240 3074 munere,

69 3111 120 3172 quo
140 3111 188 3158 me
209 3097 270 3158 etsi
293 3095 379 3159 heud
402 3097 536 3177 iniuria,
561 3107 597 3160 ut
619 3115 710 3161 casus
733 3097 872 3178 ferebat,
901 3097 959 3160 tibi
983 3108 1166 3179 suspectum
1189 3117 1243 3159 co—

70 3187 226 3262 44444444441
249 3199 396 3279 voluisti,
422 3201 536 3263 merito
558 3211 589 3264 te
611 3219 697 3280 amo,
728 3203 925 3283 gratiamque
949 3219 1011 3282 qua
1034 3211 1159 3282 potero,
1185 3201 1301 3263 hoctor

68 3309 107 3361 444
124 3295 240 3386 χάλκεα
261 3301 421 3389 χρυσε4444,
447 3301 621 3386 rependam
644 3303 703 3367 tibi
727 3323 799 3370 cum
818 3306 956 3386 primurn
973 3307 1117 3367 Horatius
1133 3315 1243 3368 noster

68 3401 94 3462 in
113 3404 210 3467 luceru
233 3407 366 3488 prodire
384 3409 500 3488 poterit
515 3416 559 3470 tot
574 3407 866 3471 intervenientibus
881 3408 1021 3490 negotiis
1032 3410 1125 3470 totie's
1142 3409 1243 3470 inter-

68 3507 197 3584 pellatus.
238 3509 390 3592 equidem
412 3511 578 3592 superiore
596 3517 716 3574 aestate
732 3529 791 3593 per
807 3509 1041 3574 Crocnveltium
1056 3520 1240 3590 vestratem,

68 3611 113 3686 qui
126 3611 302 3676 academiae
318 3622 444 3676 nostrae
460 3614 677 3695 typographus
692 3624 751 3694 est,
775 3612 936 3678 Ciceronis
952 3615 1150 3678 Tusculanas·
1160 3613 1247 3676 dono·

69 3709 115 3773 tibi
142 3716 226 3796 misi,
263 3733 398 3798 quarum
433 3715 536 3779 editor
567 3718 693 3780 iuvenis
720 3717 807 3799 apud
836 3735 892 3780 nos
922 3717 1068 3780 eruditus
1096 3718 1244 3780 Davisius

69 3817 308 3882 emenuutionum
331 3829 511 3884 nostrarum
533 3819 858 3906 librum-addiderat,
891 3819 965 3899 sed,
996 3829 1035 3882 44
1055 3820 1117 3882 huc
1140 3819 1243 3883 redux

69 3921 202 3985 narrabat
223 3922 461 4002 Creonveltius,
495 3925 570 4004 quia
597 3935 631 3987 tu
654 3926 796 3987 Treiecto
826 3935 893 3986 turn
923 3922 1005 3986 forte
1027 3921 1158 4002 aberas,
1188 3924 1241 3985 alii

70 4024 158 4085 nescio
180 4027 231 4089 oui
253 4025 420 4107 exemplar
441 4027 500 4088 tibi
524 4028 718 4092 destinatum
741 4045 797 4092 suo
820 4028 948 4090 nominc
971 4024 1111 4088 donavit.
1157 4026 1243 4106 quod

70 4123 102 4186 ad
115 4128 288 4191 Petronium
311 4138 407 4191 444444
424 4131 546 4210 attinet,
572 4141 697 4194 444444
719 4130 982 4213 praestantissimi
998 4129 1119 4192 lleiusii
1142 4149 1243 4191 anno-

70 4231 185 4294 tationes
217 4231 311 4294 avide
343 4229 375 4294 44
404 4247 474 4296 curn
506 4245 630 4297 summu
656 4235 818 4315 voluptate
848 4233 1011 4314 percurri,
1068 4231 1241 4312 avisusquo
1346 4312 1354 4332 ι

71 4345 127 4392 sunt
148 4343 177 4396 te
198 4335 277 4397 adeo
299 4345 386 4398 caste
409 4346 441 4399 et
462 4339 545 4417 pure'
565 4344 626 4420 per
648 4339 742 4401 illum-¹
760 4335 912 4399 fornicem
935 4334 1117 4414 transiisse,
1142 4344 1188 4414 ut,
1214 4337 1242 4397 si

72 4429 140 4496 bene
161 4440 304 4516 memini,
330 4439 411 4501 nihil
434 4439 609 4521 qtritiqnum
633 4441 760 4503 lrltentis
781 4439 985 4502 obscenitatis
1007 4447 1201 4519 protractum
1224 4458 1241 4500 a

72 4543 100 4596 te
116 4539 162 4619 tit,
186 4551 219 4604 ot
241 4541 378 4626 pessimi·
396 4545 494 4606 moris
515 4545 574 4625 444,
600 4553 632 4608 44
655 4543 827 4610 lectoribus
848 4543 936 4607 nude
950 4543 1154 4625 explicatum.
1192 4543 1246 4607 vel
