3178 5136
371 389 445 464 498
762 407 805 467 Ex
826 424 922 469 ιιιιιιιι
945 409 1154 468 Braotrnnnst.

370 591 537 656 ridiculum
561 595 744 658 vaticinium
768 595 826 656 hoc
847 605 905 672 est,
936 596 1088 656 ‘vincetis
1110 595 1215 657 hostes
1237 596 1265 656 si
1287 605 1372 676 terga
1393 615 1514 658 nonvor·

369 698 497 774 teritis,’
520 696 553 758 id
576 707 624 759 est
649 699 799 760 ‘vincetis
820 699 847 759 si
870 715 933 759 non
955 697 1151 759 vincemini!

454 793 502 862 σθ’
526 820 558 880 p.
578 801 629 862 lb.
655 794 751 872 δειλὸς
772 793 884 885 πύκτης
905 802 1039 886 οονεχός
1061 793 1117 863 ‘ord
1139 793 1290 864 ἀντιδίκου
1312 797 1515 884 κοοκινιῑὸηιινος

374 897 542 986 (παιόμενος
570 897 627 967 ὑπὸ
649 904 701 966 τοῦ
723 897 885 967 ἀντιπάλου
906 923 939 984 p.
958 901 999 964 li
1022 897 1092 987 otq')
1120 897 1267 988 ἀνεβόησε
1298 903 1424 988 “δέοηιαι
1441 897 1513 986 ipat,

368 999 408 1089 μὴ
430 1000 537 1077 πάντες
559 1000 666 1089 dimid
709 1023 815 1087 neque
837 1005 1041 1068 scribendum
1063 1015 1112 1068 est
1132 1000 1290 1070 ἀντιδίκοιν
1311 1018 1366 1070 aut
1384 1011 1438 1070 τῶν
1451 1002 1516 1070 ἀντι-

365 1104 468 1173 πάλων
492 1129 596 1191 neque
618 1108 793 1191 putandum
816 1109 964 1189 ignavum
984 1109 1126 1190 pugilem
1149 1111 1230 1172 lotus
1245 1110 1371 1191 adloqui
1386 1121 1517 1191 tamquam

365 1211 581 1293 adversarios,
613 1211 669 1274 sed
692 1213 783 1274 bomo
805 1212 1008 1274 meticulosus
1029 1210 1217 1292 crebrisque
1239 1213 1341 1293 plagis
1362 1223 1517 1276 extematus

364 1324 455 1396 putat
484 1335 517 1378 se
540 1333 602 1377 non
624 1315 665 1376 ab
687 1333 750 1377 uno
773 1314 970 1394 adversario,
1003 1331 1115 1376 verunt
1137 1333 1155 1375 a
1177 1315 1286 1376 multis
1309 1316 1401 1378 droul
1422 1316 1516 1396 pulsari

365 1437 482 1498 eosque
505 1419 650 1500 inploret.

449 1513 516 1583 olh'
536 1540 568 1601 p.
587 1521 639 1580 59.
664 1537 777 1583 versus
792 1539 888 1600 quem
904 1517 1056 1591 νεανίσκος
1069 1514 1223 1604 τραγῳδὸς
1238 1523 1429 1601 pronuntiat,
1445 1518 1516 1604 οἶμοι,

361 1621 391 1686 τί
413 1617 531 1708 δράσω
558 1619 624 1685 luel
646 1623 748 1694 κακοῖς
772 1620 940 1707 μερίζομαι,
967 1632 1051 1685 eerte
1073 1641 1136 1684 non
1158 1624 1281 1704 antiqui
1304 1634 1413 1704 poetae
1431 1624 1518 1704 tragici

363 1735 421 1787 est.
469 1726 514 1786 illi
538 1727 620 1786 enim
644 1743 706 1786 non
730 1723 797 1788 boel
818 1724 977 1802 dicebant,
1003 1725 1060 1787 sed
1082 1725 1174 1788 δοοῖν.

448 1829 523 1888 LlX.
549 1829 690 1909 Scriptor
712 1827 935 1890 characterum
958 1845 1054 1908 quem
1069 1829 1318 1910 Theophrastum
1341 1847 1410 1890 esse
1430 1837 1518 1909 putant

362 1941 431 2012 c'ap.
452 1933 490 1991 ll
513 1921 696 2014 ἀναίσθητον
726 1930 802 1992 dicit
832 1925 928 1993 δεινὸν
960 1949 1028 1992 esse
1050 1921 1152 2002 dorm<
1173 1934 1226 1994 mit
1248 1926 1318 2002 Διὸς
1339 1931 1430 1994 εἰπεῖν
1456 1924 1520 2012 “ili

361 2054 396 2115 ηε
416 2033 476 2095 τῶν
500 2024 614 2118 ἄστρων
637 2030 780 2116 topice?
803 2024 820 2095 d
842 2053 871 2095 τι
890 2027 931 2116 δὴ
954 2029 1008 2096 καλ
1030 2033 1058 2096 ol
1081 2024 1169 2096 ἄλλοι
1190 2032 1312 2117 λέγουσι
1332 2032 1445 2131 πίησης.
1478 2036 1518 2113 qui

361 2153 465 2215 nuper
487 2135 527 2196 de
549 2137 607 2198 hoo
630 2135 710 2197 libro
733 2137 931 2197 commentati
955 2145 1029 2198 sunt
1051 2137 1178 2216 partim,
1202 2147 1240 2198 ut
1260 2155 1356 2218 saepe
1378 2139 1460 2214 alias,
1482 2139 1519 2196 in-

361 2248 432 2318 epta
462 2239 680 2318 protulerunt,
712 2239 827 2319 partim
857 2257 891 2322 se
914 2238 1086 2318 desperare
1109 2238 1183 2300 fassi
1206 2248 1291 2300 sunt.
1337 2241 1413 2301 anni
1433 2251 1517 2301 antem

360 2351 435 2402 sunt
457 2341 599 2421 quinque
622 2351 654 2401 et
668 2341 831 2420 sexaginta
845 2359 917 2402 oum
932 2341 1086 2403 lohannes
1102 2341 1423 2422 Seltweighaeuserus
1437 2340 1520 2402 Godo

358 2442 440 2503 fredi
469 2443 526 2503 filii
549 2441 792 2524 Adamantiique
812 2444 922 2505 ‘Gorais
949 2442 1204 2505 emandationem
1234 2445 1413 2526 evulgavit,
1443 2463 1519 2524 quan

359 2547 472 2606 merito
494 2545 669 2627 probarunt
684 2547 838 2608 Porsonus
860 2547 892 2606 in
909 2546 1116 2608 Miscellaneis
1138 2545 1286 2608 alliddio
1309 2547 1404 2609 editis
1426 2546 1518 2628 pili

358 2659 389 2710 at
408 2647 573 2710 liobraeus
603 2650 636 2710 in
658 2647 907 2729 Aristophanicis
929 2670 962 2729 p.
983 2649 1054 2710 428.
1102 2649 1248 2712 similiter
1269 2651 1442 2712 ooniecerat
1460 2659 1518 2710 ante

359 2753 414 2812 hos
442 2769 542 2812 annos
571 2769 669 2812 unum
701 2760 732 2813 et
761 2753 961 2832 septuaginta
985 2751 1200 2814 Schneiderus
1222 2752 1315 2814 Saxo.
1362 2752 1518 2814 emendatio

357 2853 433 2914 baec
455 2864 512 2932 est,
540 2844 640 2923 ὕοντος
662 2853 714 2916 τοῦ
730 2846 799 2923 Διὸς
821 2851 913 2916 εἰπεῖν
938 2847 1021 2936 “bid
1042 2877 1078 2936 ηε
1098 2855 1157 2916 τῶν
1181 2843 1298 2938 ἄστρων
1313 2847 1408 2932 ὄζει,”
1429 2847 1473 2918 ὅτε
1490 2847 1516 2914 ii

355 2951 406 3016 eal
429 2955 458 3016 oi
481 2947 568 3018 ἄλλοι
589 2954 710 3040 λέγουσι
734 2959 809 3039 “τῆς
823 2956 909 3041 γῆς.”
955 2955 994 3017 de
1010 2955 1105 3017 odore
1122 2975 1216 3036 quem
1232 2967 1318 3018 terra
1334 2969 1403 3038 post
1418 2957 1518 3018 imbres

355 3056 469 3119 emittit
491 3077 553 3119 non
569 3057 741 3122 iniuounde
757 3059 876 3121 Plinius
892 3059 1030 3138 loquitur
1045 3059 1113 3120 Nat.
1133 3060 1206 3120 hist.
1223 3075 1283 3119 τιτι
1299 3055 1317 3141 §
1333 3060 1391 3120 38:
1417 3065 1445 3122 in
1457 3079 1518 3141 pm

353 3163 483 3240 positam
505 3169 584 3223 certe
601 3161 712 3238 Cicero,
739 3163 798 3223 luo:
812 3161 1021 3225 doctrinarum
1037 3162 1146 3237 altero,
1174 3161 1328 3223 ‘meliora‘
1353 3165 1446 3244 inqmt
1460 3180 1516 3222 ‘m-

352 3271 465 3345 petente
492 3272 562 3325 sunt
591 3284 668 3348 quae
698 3272 813 3326 terram
841 3283 930 3346 quom
960 3283 1036 3346 quae
1058 3281 1178 3327 crocum
1200 3267 1352 3345 sapiunt?
1382 3267 1432 3328 loc
1452 3269 1516 3326 enim

355 3367 461 3428 moluit
490 3367 589 3429 dicere
618 3385 708 3448 quam
740 3367 909 3430 ‘redoleretst
953 3370 996 3429 ito
1018 3374 1063 3429 est
1079 3365 1234 3448 profecto,
1268 3369 1323 3430 iilo
1345 3371 1406 3432 erit
1422 3373 1515 3451 optima

353 3487 429 3551 quoe
450 3477 605 3554 capiente
626 3471 732 3552 sapiet.
778 3471 856 3552 quod
878 3474 907 3533 si
927 3471 1110 3532 admonendi
1129 3487 1236 3534 sumas
1258 3472 1357 3553 quictis
1373 3477 1411 3535 rit
1429 3481 1516 3534 terrae

353 3573 426 3634 odor
449 3573 499 3635 itte
520 3577 574 3655 qai
594 3576 763 3655 quaeritur,
789 3576 932 3657 contioqit
953 3593 1042 3656 saepe
1063 3576 1154 3636 etiam
1175 3576 1342 3655 quiescente
1364 3595 1400 3638 eo
1413 3577 1463 3640 sat
1477 3595 1516 3636 or·

352 3694 456 3738 cosam
477 3675 549 3738 sotis
571 3678 604 3737 io
626 3694 682 3756 qao
704 3677 765 3739 ioco
788 3695 881 3738 arcas
903 3677 1043 3740 coelestes
1065 3677 1197 3739 deiecere
1219 3679 1320 3759 capita
1342 3697 1400 3740 tero
1420 3688 1446 3741 et
1460 3697 1514 3741 crim

351 3798 371 3840 o
392 3779 524 3841 siccitate
545 3781 688 3840 continuo
708 3780 869 3842 immaduit
889 3779 993 3840 imbre.
1040 3787 1111 3842 tunc
1125 3781 1231 3842 emittit
1248 3779 1333 3842 iilum
1350 3797 1434 3843 oraim
1448 3781 1515 3842 lati-

351 3889 412 3942 tcm
435 3881 572 3943 divinum
587 3897 630 3942 erc
644 3882 705 3943 soie
719 3888 901 3974 coemptum,
926 3884 977 3943 cui
990 3883 1158 3963 conparari
1169 3884 1310 3945 motator
1324 3885 1409 3946 acilo
1420 3887 1512 3966 possit.

350 3986 376 4046 ir
399 4001 463 4046 esee
484 3991 628 4046 commoto
649 3981 763 4045 debebit
782 3991 978 4066 repertusque
992 3985 1141 4046 neminem
1151 3983 1241 4065 fellet
1254 4003 1292 4048 oc
1306 3985 1343 4047 de
1357 3995 1439 4048 terro
1451 3985 1514 4048 odor

349 4087 456 4165 optime
484 4085 638 4148 iudicabit.
686 4085 756 4148 tulis
782 4085 849 4166 sere
877 4094 921 4148 est
948 4091 981 4148 in
1008 4085 1168 4150 novalibus
1197 4105 1288 4150 caeso
1309 4096 1404 4151 vetere
1424 4090 1512 4151 eiltu:

349 4205 425 4268 quoe
445 4205 592 4251 consensu
614 4189 771 4250 laudator.
1028 4211 1032 4216 ·

307 4309 338 4356 ao
435 4291 553 4351 Pariter
574 4292 716 4372 neglecta
740 4299 787 4352 est
809 4291 987 4354 emendatio
1010 4309 1073 4352 non
1094 4293 1201 4356 minus
1220 4304 1308 4356 oona
1322 4295 1355 4354 ia
1372 4293 1418 4354 his
1432 4281 1512 4373 quae'

347 4409 416 4472 cap.
440 4391 478 4451 to
502 4392 668 4472 leguntur,
699 4388 751 4456 rol
780 4389 833 4456 ἐὰν
863 4395 917 4476 μῦς
945 4387 1078 4457 θύλακον
1107 4388 1233 4480 ἂλφίτην
1264 4389 1405 4482 διαφάγη
1428 4397 1510 4474 (recte

348 4491 483 4555 Cobetus
502 4495 578 4555 Nov.
598 4495 669 4556 leot.
692 4515 725 4576 p.
747 4496 805 4557 t7t
830 4489 992 4582 ἇλφιτηρὸν
1016 4491 1192 4583 διαφάγῃ),
1215 4493 1291 4584 τορὸς
1312 4495 1360 4562 τὸν
1380 4491 1509 4581 ἐξηγητὴν
