3178 5136
589 421 694 480 Venti.
1162 403 1238 476 489

59 605 279 687 δυιίιγιίσιουτο
303 627 413 688 prun
436 608 566 689 protulit
589 619 620 670 ct
643 609 675 670 in
705 627 768 689 qua
797 609 937 690 perstitit
959 625 1029 670 cum
1052 609 1238 670 Conuiuium

57 707 168 774 ederet.

132 813 164 872 L.
193 813 397 875 Philostratus
409 813 450 875 de
463 824 531 876 arte
548 815 739 895 gymnastico
752 835 784 896 p.
804 813 843 876 72
860 817 933 876 Dar.
948 812 968 897 [
970 833 1002 894 p.
1011 817 1075 876 285
1089 817 1109 876 6
1119 817 1213 894 chs.
1218 813 1239 896 ]

57 911 164 978 κοτίνου
185 937 218 978 τε
240 911 291 978 καί
314 915 424 1000 φυλίας
446 914 549 1002 ἔχριον
572 911 680 987 αδτούς
710 915 800 980 λίπα.
834 910 905 981 θθεν
935 907 1038 980 θίνοσοί
1065 939 1097 980 τε
1126 906 1238 1000 ἤσκουν

55 1011 99 1078 καί
125 1011 179 1101 ὀψὲ
207 1011 387 1102 ἐγήρασκον.
429 1021 604 1081 rectissime
636 1019 771 1082 Cobetus
799 1041 832 1101 p.
852 1019 891 1082 79
916 1018 1047 1082 offendit
1079 1021 1111 1082 in
1141 1019 1239 1082 verbo

55 1119 130 1199 quod
153 1131 202 1183 est
222 1111 347 1204 ἤσκουν.
394 1141 467 1184 nam
490 1123 635 1202 ineptum
658 1131 722 1200 est,
753 1141 857 1203 neque
880 1125 1051 1203 quicquam
1074 1123 1237 1184 lucramur

55 1225 77 1282 si
98 1217 239 1305 ἠσκοῦντο
262 1223 443 1302 scribimus,
476 1223 560 1304 qnod
584 1225 742 1306 Kayserus
772 1227 805 1287 in
830 1227 985 1306 Philologo
1008 1235 1031 1286 t.
1049 1245 1098 1288 ιιι
1123 1247 1155 1306 p.
1176 1226 1236 1286 lot
1341 1309 1346 1318 Ι

56 1327 289 1388 commendavit.
337 1328 394 1388 scd
418 1325 555 1389 Cobctus
578 1345 649 1388 cum
673 1330 796 1410 putavit
826 1329 895 1391 lieri
925 1347 1018 1410 posse
1041 1338 1076 1392 ut
1097 1329 1236 1408 sophista

56 1430 210 1509 scripserit
238 1421 343 1493 ι’ίνσσοι
372 1427 499 1515 δισβίουν
523 1430 572 1491 vel
603 1429 751 1494 iteritatis
781 1450 843 1493 non
874 1432 985 1494 incidit
1018 1433 1050 1492 in
1085 1430 1119 1493 id
1152 1430 1238 1512 quod

56 1532 142 1592 inulto
166 1534 242 1593 mibi
267 1532 396 1596 videtur
419 1552 488 1595 esse
511 1531 721 1613 probabilius.
754 1535 905 1596 nimirum
929 1533 1136 1599 scribendum
1159 1544 1236 1614 puto

55 1623 149 1696 ίνοσοί
169 1657 201 1697 τε
222 1627 346 1720 ἤρκουν.
393 1637 613 1717 pervulgatius
637 1647 685 1698 est
708 1636 856 1722 διαρκεῖν,
890 1638 946 1700 sed
974 1638 1110 1718 simplici
1140 1633 1238 1698 uerbo

55 1735 154 1798 cadem
178 1737 377 1818 perdurandi
400 1739 628 1819 significatione
658 1741 708 1800 usi
739 1751 813 1801 sunt
842 1741 1065 1802 conmemorati
1099 1741 1131 1800 in
1154 1740 1237 1802 'lhe-

54 1855 136 1900 sauro
159 1841 313 1921 Stephani
336 1841 537 1922 Thucydides
561 1853 592 1905 ct
614 1843 800 1921 Xenophon.
848 1862 983 1923 quorum
1013 1843 1066 1904 ille
1090 1861 1099 1904 ι
1124 1841 1157 1902 ll
1187 1837 1238 1904 καί

54 1937 144 2005 οἴεσθε
167 1945 274 2023 inquit
295 1937 349 2027 τίγν
371 1937 500 2028 ἡσυχίαν
530 1939 565 2008 cd
587 1939 703 2015 τούτοις
733 1947 792 2006 τῶν
824 1939 992 2029 ἀνθρώπων
1022 1941 1071 2010 ἐστί
1099 1945 1236 2009 πλεῖστον

54 2037 144 2126 ἀρκεῖν
166 2043 198 2109 οἳ
219 2039 256 2109 ἂν
276 2048 314 2130 τῇ
338 2044 391 2130 μὲν
413 2047 590 2132 παρασκευῇ
614 2045 717 2110 δίκαια
738 2041 912 2132 πράσσουσι,
937 2050 973 2132 τῇ
999 2045 1032 2110 δί
1054 2042 1174 2134 γνώμῃ,
1194 2034 1235 2132 ’ἢν

54 2139 215 2226 ἀδικῶνται,
240 2149 329 2233 δῆλοι
351 2138 408 2213 ὦσι
431 2145 472 2234 μή
488 2149 704 2234 ἐπιτρέψοντες.
737 2153 912 2232 Xenophon
928 2153 1003 2212 lnst.
1025 2151 1096 2234 Cyri
1114 2171 1143 2214 ιι
1160 2155 1178 2215 2
1195 2153 1230 2213 3⁴

54 2239 106 2332 ὄψα
127 2249 159 2313 δὲ
181 2247 243 2336 χρὴ
268 2247 506 2315 συνεσκευάσθαι
528 2245 586 2316 ὅσα
607 2248 684 2316 ἐστίν
715 2247 783 2324 ὀξέα
813 2248 865 2317 καί
894 2247 1031 2339 ἁλμυρά.
1064 2257 1156 2318 ταῦτα
1179 2249 1235 2342 γὰρ

55 2349 95 2412 ἐπὶ
117 2347 195 2418 σῖτόν
218 2375 250 2418 τε
273 2345 342 2438 ἄγει
363 2352 416 2418 καί
438 2352 486 2418 ἐπί
507 2357 644 2418 πλεῖστον
668 2351 764 2440 ἀρκεῖ.

129 2455 178 2518 Ab
194 2457 306 2521 codem
323 2459 551 2540 Philostratop.
562 2459 601 2520 tt
615 2458 634 2542 s
637 2479 669 2539 p.
681 2461 744 2523 285
751 2461 789 2521 51
797 2457 816 2542 J
832 2459 1026 2522 medicorum
1043 2479 1095 2522 ars
1110 2471 1237 2522 notatur

56 2569 151 2638 utpote
174 2561 272 2624 multa
295 2561 423 2624 athletis
446 2563 569 2625 inutilia
599 2571 653 2624 aut
682 2563 859 2642 perniciosa
889 2563 1107 2642 praecipiens,
1139 2563 1236 2624 multa

56 2659 89 2721 dc
110 2663 250 2742 piscibus
273 2664 401 2743 doccnS,
426 2662 471 2728 ἔτι
491 2687 524 2730 τε
546 2661 583 2728 τὰ
605 2661 724 2750 χοίρεια
750 2667 805 2728 τῶν
836 2666 932 2750 κρεῶν
962 2660 1012 2728 σὺν
1042 2664 1238 2749 τερατολογίᾳ

56 2753 174 2846 ἄγουσα
208 2762 351 2852 μοχθηρὰ
374 2765 427 2849 μὲν
450 2763 508 2852 γὰρ
531 2763 673 2852 ἡγεῖσθαι
695 2761 812 2832 κελεύει
833 2762 870 2830 τὰ
890 2762 939 2830 ἐπί
952 2762 1088 2852 θαλάττῃ
1112 2763 1237 2852 συβόσια

57 2863 150 2932 διὰτὸ
173 2864 316 2954 σκόροδον
346 2866 379 2934 τὸ
402 2867 582 2948 θαλάττιον,
616 2861 652 2934 οὗ
675 2866 775 2954 μεστοί
805 2867 858 2953 μὲν
889 2868 1039 2954 αἰγιαλοί,
1072 2866 1175 2952 μεσταί
1204 2869 1237 2934 δὲ

58 2970 142 3050 θῖνες,
177 2966 382 3058 φυλάττεσθαι
415 2971 448 3036 δὲ
478 2969 528 3037 καί
559 2967 597 3037 τὰ
626 2968 722 3058 ἀγχοῦ
751 2976 893 3056 ποταμῶν
923 2968 974 3035 διὰ
1001 2966 1055 3056 τὴν
1089 2971 1236 3059 καρκίνων

58 3070 173 3156 βρῶσιν,
205 3070 294 3159 μόνον
327 3073 359 3138 δὲ
388 3071 610 3162 ἀναγκοφαγεῖν
639 3079 697 3140 τῶν
725 3077 760 3139 ἐκ
782 3073 921 3161 κρανείας
949 3099 981 3138 τε
1010 3073 1061 3138 καί
1090 3070 1234 3161 βαλάνου.

59 3175 204 3256 λκγιοκυο
226 3181 258 3240 in
283 3179 438 3260 Philologo
462 3197 493 3260 p.
513 3179 574 3241 227
599 3169 715 3262 ἄγουσα
744 3191 833 3260 putat
855 3199 1033 3242 sermonem
1059 3181 1236 3242 Philostrati

60 3278 185 3360 referre,
222 3284 279 3362 qui
307 3281 427 3344 dixerit
464 3284 494 3344 in
526 3284 604 3344 Vitis
638 3284 850 3363 sophistarum
873 3302 904 3363 p.
930 3283 991 3342 539
1024 3281 1153 3346 ἐπαινῶν
1187 3278 1236 3346 τὸν

60 3376 216 3465 Πολέμωνα
238 3381 289 3447 καί
313 3379 386 3470 ὑπὲρ
409 3387 514 3468 θαῦμα
537 3375 630 3468 ἄγων.
678 3385 735 3448 sed
759 3387 815 3448 hoc
838 3404 900 3446 non
924 3405 1055 3466 prorsus
1078 3389 1234 3468 congruit,

59 3501 153 3565 neque
176 3488 291 3551 medici
315 3490 360 3550 illi
384 3507 511 3552 carnem
535 3489 658 3552 suillam
682 3490 809 3551 omnino
832 3490 960 3570 plurimi
985 3487 1153 3570 ducebant,
1180 3490 1237 3552 sed

60 3590 199 3666 quasdam
229 3595 299 3654 eius
328 3593 450 3672 species
477 3591 631 3673 putabant
661 3611 730 3655 esse
760 3594 882 3654 noxias.
930 3595 1056 3674 itaque,
1096 3604 1131 3654 ut
1159 3594 1236 3654 mihi

60 3691 179 3769 quidem
202 3695 345 3773 videtur,
377 3695 514 3756 Cobctus
537 3715 569 3776 p.
589 3694 628 3754 79
653 3685 768 3779 ἄγουσα
798 3697 866 3757 lura
890 3695 1089 3776 inprobavit,
1122 3684 1236 3775 nequc¹

60 3795 155 3858 minus
177 3809 262 3860 recte
285 3798 398 3860 melius
420 3798 541 3878 aliquid
564 3796 784 3877 quaerendum
808 3819 878 3860 esse
895 3800 1018 3860 censuit
1040 3817 1134 3878 quam
1151 3799 1295 3878 quodatt

62 3897 111 3974 ipsi
135 3901 167 3959 in
189 3912 327 3963 mentem
351 3903 439 3962 venit
461 3894 619 3983 ὀρέγουσα.
667 3901 818 3962 nimirum
846 3913 900 3963 aut
923 3901 1012 3963 fallor
1034 3911 1088 3962 ant
1111 3901 1238 3980 scripsit

60 3997 252 4066 Philostratus
273 4001 318 4066 ἔτι
340 4025 371 4065 τε
393 3997 430 4065 τὰ
450 4000 571 4087 χοίρεια
598 4006 656 4066 τῶν
686 4005 782 4089 κρεῶν
813 3999 864 4067 σὺν
887 4001 1080 4086 τερατολογίᾳ
1106 3993 1234 4087 ᾄδουσα.

61 4097 300 4191 similiarium
324 4126 395 4168 cum
418 4107 470 4168 alii
501 4117 697 4186 usurparunt
719 4109 816 4170 veluti
840 4105 1005 4184 helianus,
1040 4109 1131 4168 cuius
1160 4125 1236 4168 con-

62 4208 249 4274 suetudinem
280 4208 439 4271 lacobsius
468 4211 500 4270 in
531 4211 598 4270 Nat.
631 4227 684 4272 an.
716 4229 769 4270 xm
792 4213 809 4270 9
833 4211 869 4269 3⁴
904 4211 1024 4290 tetigit,
1062 4219 1128 4270 tum
1168 4211 1235 4288 ipse

63 4307 263 4391 Philostratus,
289 4311 328 4374 de
353 4331 415 4390 quo
437 4311 646 4374 Boissonadus
670 4313 751 4374 dixit
776 4315 847 4374 Her.
875 4333 907 4392 p.
927 4313 1000 4372 338.

138 4417 178 4478 Ll.
225 4419 386 4497 Lycurgus
423 4417 455 4476 in
486 4418 651 4477 Leocratea
682 4414 760 4497 §80
789 4425 959 4495 antequam
989 4416 1037 4476 ius
1059 4412 1311 4499 ¹iurandnmvsr

64 4517 171 4580 recitari
196 4519 287 4582 iubet
310 4537 373 4597 quo
396 4517 507 4580 Graeci
531 4537 601 4580 cum
626 4517 771 4580 barbaris
797 4516 882 4599 apud
906 4519 1045 4580 Plataeas
1067 4518 1237 4598 pugnaturi
