3182 5132
561 424 731 488 Antenori.
778 369 781 376 Ι
1163 411 1236 484 397

66 615 149 673 etiam
176 615 225 675 oni
257 613 485 696 inpingebatur
514 625 620 676 essent
646 624 770 695 partes,
803 615 905 695 potuit
927 615 1025 698 πῆχυς
1047 632 1111 675 non
1133 617 1241 677 minus

65 733 150 794 quam
169 715 331 802 τηλέφιλον
354 716 416 779 dici
440 711 564 789 αἰκαλός.
606 717 637 779 in
659 705 874 797 dis'ponendis
889 717 1039 778 carminis
1053 717 1139 780 illius
1154 718 1300 799 peri-tto

65 820 142 898 copis
169 839 273 900 nuper
300 820 471 902 conplures
501 819 592 882 valde
623 820 773 882 alucinati
802 829 893 880 sunt:
927 817 985 880 sed
1008 837 1078 880 eam
1101 838 1166 881 rem
1192 819 1242 880 hic

65 925 203 1002 persequi
225 924 308 984 nolo.

73 1103 74 1108 ἵ
140 1026 238 1086 LlllV.
272 1026 418 1089 Clemens
441 1029 599 1090 Romanus
621 1029 677 1107 qui
700 1026 817 1089 dicitur
845 1028 877 1086 in
900 1027 1043 1108 Epistula
1066 1025 1107 1088 ad
1129 1025 1247 1088 Corin-

64 1124 194 1188 thiosrb
218 1149 250 1210 p.
271 1132 288 1191 9
313 1131 411 1211 llilg.¹
446 1131 524 1193 haec
546 1132 691 1210 scripsit,
723 1131 749 1191 si
773 1128 855 1190 libro
878 1147 954 1191 sane
970 1139 1162 1210 ,pervetusto
1185 1131 1240 1209 qui

64 1230 204 1308 epistulas
226 1233 297 1293 illas
318 1235 518 1296 conservavit
538 1232 710 1312 credimus,
737 1227 788 1296 διὰ
803 1233 893 1316 ζῆλος
908 1231 1088 1317 διωχθεῖσαν
1103 1231 1241 1316 γυναῖκες

64 1327 196 1405 Δαναΐδες
226 1331 278 1398 καὶ
301 1333 408 1421 Δίρκαν
438 1333 601 1419 αἰκίσματα
632 1329 715 1398 δεινὰ
743 1332 795 1399 καὶ
818 1329 924 1399 ἀνόσια
945 1334 1099 1399 παθοῦσαι
1120 1331 1169 1398 ἐπὶ
1190 1330 1240 1399 τὸν

63 1437 109 1518 τῆς
133 1435 258 1510 πίστεως
287 1437 408 1524 βέβαιον
438 1433 547 1524 δρόμον
578 1432 766 1523 κατήντησαν
788 1433 839 1502 καὶ
860 1435 969 1522 ἔλαβον
991 1437 1083 1524 γέρας
1104 1437 1239 1522 γενναῖον

64 1537 91 1599 ol
110 1532 243 1613 ἀσθενεῖς
264 1545 307 1628 τῷ
330 1537 447 1627 σώματι
455 1541 497 1626 *l.
534 1540 692 1604 Danaides
713 1541 781 1603 illas
797 1552 828 1604 et
842 1543 951 1605 Diroas
968 1545 1009 1604 ita
1026 1543 1162 1624 explicat
1179 1543 1240 1604 lle-

64 1641 162 1724 lelius,
197 1647 373 1709 ‘neminem
404 1647 479 1709 latet
508 1644 704 1727 temporibus
732 1647 988 1726 persecutionum
1019 1645 1133 1707 multos
1156 1664 1240 1706 mar-

64 1755 139 1824 tyres
159 1747 200 1809 ad
219 1750 411 1830 spectacula,
436 1747 476 1810 ad
497 1759 644 1812 cruentos
659 1748 761 1828 ludos,
785 1747 827 1810 ad
841 1747 961 1811 bestias
976 1767 1047 1811 esse
1063 1749 1237 1826 damnatos,

65 1866 89 1907 e.
106 1867 148 1929 gr.
172 1851 328 1931 lgnatium
347 1851 591 1915 Antiochenam.
638 1851 717 1932 quid
739 1853 868 1932 mirum,
894 1853 920 1914 si
945 1853 978 1913 in
1000 1852 1085 1914 ludis
1106 1853 1241 1914 scenicis

64 1953 230 2034 complures
257 1955 391 2018 leminae
416 1956 613 2018 Christianae
637 1973 803 2037 personam
826 1956 936 2017 Dirces
958 1953 1093 2018 induere
1116 1964 1239 2017 coactae

64 2065 90 2114 et
109 2057 151 2118 sic
172 2061 264 2120 morti
288 2059 528 2122 crudelissimae
552 2059 687 2121 traditae
709 2059 806 2120 suut?
835 2059 950 2120 Dircen
972 2068 1077 2120 autem
1100 2056 1141 2119 ab
1162 2055 1238 2119 Am-

64 2159 168 2236 phione
191 2171 222 2224 et
246 2163 343 2224 fratrc
367 2165 436 2225 eius
453 2163 546 2224 Zetho
562 2161 713 2224 cornibus
728 2164 811 2224 tauri
826 2161 983 2241 alligatam
1000 2161 1097 2223 luisse
1114 2159 1239 2223 fabulae

64 2261 193 2327 tradunt.
232 2267 311 2328 aliae
334 2267 477 2347 virgines
495 2285 552 2328 seu
568 2266 720 2328 mulieres
736 2265 987 2328 Christianorum
1003 2263 1134 2326 fortasse
1149 2273 1240 2327 ante-

64 2383 148 2443 quam
170 2369 367 2432 necabantur
381 2369 594 2432 Danaidarum
617 2368 772 2450 supplicia
795 2369 837 2431 ad
851 2368 979 2431 crudele
996 2366 1100 2449 plebis
1114 2377 1240 2448 specta-

63 2469 158 2532 culum
181 2471 289 2536 subire
313 2474 500 2554 Tartarique
524 2490 641 2554 poenas
665 2481 906 2552 repraesentare
929 2469 1108 2551 debebant,
1141 2471 1240 2532 etsie

62 2581 126 2634 ante
148 2595 257 2638 necem
281 2577 382 2658 ipsam
406 2575 528 2638 diutins
551 2585 583 2638 et
607 2575 778 2636 multifarie
801 2574 1036 2637 cruciabantur.
1084 2573 1238 2636 eiusmodi

63 2686 205 2759 martyres
234 2681 363 2742 nomino
385 2680 598 2742 Danaidarum
630 2688 660 2741 et
683 2679 792 2740 Dirces
822 2687 889 2740 tum
912 2697 929 2740 a
952 2675 1102 2739 fidelibus
1131 2687 1198 2739 tum
1221 2695 1238 2736 a

63 2783 182 2860 paganis
197 2783 364 2866 insignitas
379 2803 448 2846 esse
465 2781 613 2845 dubitare
631 2784 684 2842 vix
700 2783 890 2862 possumus.’
929 2799 991 2842 non
1009 2788 1134 2842 tantum
1149 2797 1239 2840 scae-

62 2882 138 2946 nioos
158 2884 260 2966 ludos,
286 2887 345 2949 sed
368 2889 461 2949 etiam
486 2875 635 2948 iteratum
659 2884 737 2946 illud
754 2885 968 2947 Danaidarum
990 2881 1239 2946 condonabimus

63 2984 194 3068 theologo
222 2993 278 3071 qui
308 2989 440 3053 fortasse
471 3007 644 3070 numquam
673 2989 794 3069 legerat
822 3006 904 3069 quae
928 2986 1090 3048 Dentleins
1112 2984 1152 3047 ad
1177 2987 1238 3046 llo—

63 3090 125 3150 ratii
155 3093 401 3174 Tyndaridarum
430 3093 616 3175 adscripsit,
655 3103 686 3154 at
716 3111 779 3153 non
808 3089 1058 3154 condonabimus
1087 3090 1235 3170 ineptias.

63 3209 156 3272 neque
178 3198 264 3260 enim
279 3197 410 3260 crudele
430 3198 656 3279 spectaculum,
682 3195 739 3258 sed
756 3196 925 3258 ridiculum
942 3205 973 3256 ct
988 3192 1163 3256 absurdum
1179 3213 1237 3255 ex-

64 3292 229 3363 hibuissent
252 3301 403 3364 mulieres
425 3319 540 3381 aquam
563 3303 595 3362 in
618 3308 785 3381 pertusum
804 3297 924 3361 dolium
941 3299 1133 3377 ingerentes.
1173 3315 1236 3356 non

64 3401 149 3463 multo
175 3413 281 3466 antem
304 3404 419 3466 melius
441 3415 489 3466 est
511 3403 596 3485 quod
621 3401 852 3483 llilgenleldius
874 3400 984 3464 scribit
1006 3399 1067 3462 sibi
1091 3401 1237 3463 sulficere

64 3503 137 3580 quod
153 3506 350 3570 Christianae
374 3497 529 3590 martyres
544 3506 721 3569 Danaidum
744 3517 775 3568 et
790 3507 903 3567 Dircae
925 3505 1084 3566 cruciatus
1108 3523 1237 3585 reprae-

63 3615 176 3672 sentare
198 3612 285 3674 visae
308 3611 382 3673 sint.
430 3630 502 3673 nam
524 3611 634 3673 Dircac
657 3611 816 3672 cruciatus
840 3609 964 3691 perpeti
988 3617 1143 3689 martyres
1165 3615 1237 3688 pot-

64 3722 142 3773 erant
163 3712 292 3777 iortasse
316 3715 379 3776 dici
407 3713 522 3796 (neque
539 3713 668 3776 difficile
685 3723 732 3776 est
748 3714 806 3774 hoc
821 3713 944 3774 doctius
960 3711 1139 3790 exornare),
1164 3731 1235 3772 cum

65 3810 225 3879 Danaidum
249 3837 369 3899 poena,
393 3817 426 3879 id
448 3827 497 3880 est
519 3837 591 3879 cnm
613 3816 722 3879 labore
745 3827 900 3898 perpetuo
924 3825 956 3878 et
980 3816 1079 3892 irrito,
1104 3815 1162 3877 sed
1186 3823 1237 3875 tn-

63 3927 191 4000 ornento,
216 3933 392 4001 martyrum
416 3920 572 4002 supplicia
595 3919 789 3982 nullomodo
806 3919 1143 4002 poterantoonparari.
1183 3937 1236 3978 ao·
1295 3947 1299 3954 ·

63 4019 135 4084 cedit
156 4025 239 4104 quod
254 4027 391 4105 scriptor
406 4025 518 4086 harum
535 4025 744 4106 epistularum
761 4042 823 4084 non
838 4023 917 4086 solet
933 4021 1111 4084 fabularum
1127 4024 1236 4101 cogni-

64 4123 166 4187 tionem
189 4129 315 4191 iactare.
362 4139 524 4209 praeterea
549 4129 575 4188 si
600 4126 678 4190 illud
695 4122 840 4197 Δαναΐδες
863 4121 914 4188 καὶ
931 4122 1036 4210 Δίρκαν
1052 4125 1232 4204 toleramus,

64 4231 148 4288 oratio
175 4251 270 4294 arena
300 4243 348 4294 est
376 4235 446 4293 sine
476 4231 576 4292 calce:
610 4229 814 4292 desideratur
836 4231 921 4292 enim
944 4225 1035 4291 οἱονεί
1058 4229 1107 4290 vel
1132 4228 1234 4290 simile

65 4330 142 4405 quid.
181 4337 297 4398 rectius
312 4337 386 4396 olim
403 4333 624 4397 emendatione
639 4354 719 4415 opus
734 4353 803 4396 esse
820 4333 1014 4396 intellectum
1031 4342 1088 4393 est.
1130 4350 1235 4410 neque

68 4465 253 4485 Ἆ-ι--ι

137 4553 159 4616 'l
178 4555 325 4624 [Cooseotit
343 4561 425 4610 codem
445 4560 693 4622 Hierosolpmitanos
712 4562 756 4621 qm·
773 4554 893 4616 Δαναίότς
911 4557 954 4610 καὶ
972 4553 1031 4628 Deip
1049 4553 1092 4607 καὶ
1111 4553 1211 4620 hahet]

108 4652 223 4709 trapam
240 4659 350 4711 opuscula
364 4660 403 4701 111.
992 4662 1026 4712 ⁶25
