3182 5132
345 381 420 453 468
742 397 787 456 En
810 413 905 457 enan
928 397 1137 459 solemmter.

344 593 465 646 constat
487 594 593 647 autem
616 585 759 647 homines
780 602 939 665 pauperes
961 593 996 647 ut
1017 584 1118 666 lrigus
1142 586 1297 648 evitarent
1320 587 1352 648 iu
1374 585 1509 648 sudatoria

344 686 514 768 confugere
538 687 646 750 solitos
668 705 749 750 esse.
789 685 938 768 Alciphro
954 688 1013 769 Ep.
1033 689 1098 750 123
1123 683 1190 771 ipsi
1212 685 1247 751 δὲ
1269 678 1337 751 οὔτε
1358 682 1437 760 ξύλον
1456 679 1509 752 οὔτε

345 779 472 873 ἄσβολος
500 791 618 874 παρῆν·
652 792 717 861 πῶς
738 781 844 873 γὰρῆ
874 783 984 866 πόθενς
1025 786 1176 875 ὃκρυμὸς
1204 788 1239 854 δὲ
1268 784 1415 856 cleobium
1439 791 1511 876 μέχρι
1581 798 1586 870 t

345 894 462 976 μυελῶν
486 887 584 957 αὐτῶν
606 888 658 956 καλ
679 887 803 956 ὀστέων.
843 887 1072 978 ἐβουλευσάμην
1095 884 1147 957 οὖν
1166 889 1337 958 Ὀδύευοιον
1368 887 1509 978 metopo,

283 1011 332 1059 tss
344 997 466 1081 δραμεῖν
490 995 532 1068 εἰς
554 991 622 1068 τοὺς
645 991 754 1068 θόλους
775 989 795 1080 ἢ
818 991 872 1068 τὰς
894 985 1044 1080 ονονμίνουςΙ
1073 1000 1129 1060 τῶν
1154 995 1333 1082 βαλανείων.
1372 992 1434 1062 ἀλλ’
1455 991 1511 1061 oili
1582 1017 1587 1075 ζ

342 1099 440 1163 ἐκεῖσε
461 1093 652 1185 συνεχώρουν
676 1099 705 1163 ol
726 1101 786 1162 τῶν
808 1093 981 1185 ὁμοτέχνων
1003 1096 1071 1183 περὶ
1097 1094 1192 1165 ταύτὰ
1221 1093 1441 1183 ἀλινδούμενον·
1470 1095 1510 1162 mi
1586 1127 1587 1131 ¹

341 1197 399 1287 γὰρ
422 1196 530 1274 αὐτους
558 1197 577 1286 ἡ
605 1199 801 1287 παραπλησία
829 1197 900 1274 θεὸς
927 1196 1063 1288 ἠνώχλει
1093 1201 1201 1268 Πενία.
1248 1205 1340 1285 plura
1367 1222 1444 1284 quae
1463 1204 1511 1265 hue

342 1307 503 1387 pertinent
531 1307 701 1387 Berglerus
730 1305 774 1367 ibi
805 1306 906 1369 dedit.
955 1308 1061 1387 itaque
1090 1305 1250 1369 distichon
1280 1306 1358 1368 illud
1387 1309 1430 1368 sic
1448 1305 1510 1368 mihi

341 1409 470 1473 videtur
493 1429 562 1472 esse
586 1409 834 1489 emendandum,

545 1514 670 1594 [lumime
693 1515 791 1576 vicino
814 1514 927 1576 sistitur
950 1515 1015 1576 sitit
1036 1521 1064 1575 et
1085 1515 1163 1596 τέρα
1185 1533 1259 1577 euro

590 1634 658 1677 cum
680 1617 800 1679 calidus
823 1616 920 1697 tepido
943 1622 1090 1680 consonat
1111 1619 1179 1699 ique
1201 1618 1318 1679 tholus.

340 1717 380 1781 de
403 1717 589 1780 balneorum
612 1718 716 1798 tholis,
742 1718 775 1780 id
799 1729 848 1780 est
871 1721 1031 1781 Laconicis
1049 1720 1117 1782 sive
1133 1719 1315 1798 sudatoriis,
1340 1717 1455 1781 dictum
1474 1725 1511 1779 est

340 1822 373 1884 in
396 1820 556 1884 Thesauro
578 1822 731 1903 Stephani
752 1832 776 1883 t.
795 1840 825 1882 rr
846 1841 879 1902 p.
896 1824 972 1883 398.
997 1822 1080 1885 oddo
1109 1841 1190 1903 quae
1212 1821 1425 1885 Theodoretus
1447 1821 1511 1881 ilist.

339 1926 415 1986 ecel.
435 1943 465 1986 ιν
483 1925 520 1984 ts
538 1924 627 2002 dicit,
652 1919 742 1987 ταύτὸ
767 1921 800 1986 δὲ
821 1925 908 1988 τοῦτο
931 1922 982 1988 καλ
1004 1923 1089 1989 ἔνδον
1113 1925 1145 1988 ἐν
1167 1927 1229 1997 τοῖς
1251 1918 1356 1996 θόλοιο
1372 1922 1509 2006 secuique.

339 2027 494 2113 λουομέννρ
521 2023 578 2111 γὰρ
607 2021 690 2111 αὐτῷ
718 2022 943 2113 παρεστηκότος
973 2024 1042 2090 lbdoo
1071 2029 1291 2114 συμμετασχεῖν
1321 2033 1380 2092 τῶν
1408 2027 1511 2112 θερμὸν

338 2125 455 2194 ὑδάτων
478 2131 645 2195 ἐκέλευσεν.
681 2142 894 2194 conmemorat
916 2133 1017 2194 tholos
1038 2130 1225 2194 balneorum
1249 2129 1432 2196 Ammianus
1445 2133 1514 2192 Har-

339 2235 471 2297 cellinus
493 2235 619 2296 xxrru'l
637 2237 667 2296 9.
709 2233 902 2298 Claudianus
925 2235 1035 2316 idyllio
1049 2254 1079 2296 rr
1096 2237 1135 2296 59
1158 2234 1199 2296 de
1224 2233 1309 2296 ionte
1327 2233 1427 2315 Aponi
1449 2233 1513 2294 heco

338 2336 444 2415 hebet,
470 2338 637 2418 otroltrfidos
659 2338 808 2422 disperqit
829 2355 900 2420 opes
915 2346 1070 2420 artemque
1084 2346 1207 2401 secutm
1231 2339 1301 2414 Qua
1324 2339 1439 2400 dissere
1458 2355 1513 2396 mo-

337 2459 397 2503 mm
419 2441 525 2503 mobile
548 2449 666 2522 torquet
688 2443 746 2502 iter
775 2445 812 2504 Et
835 2443 950 2504 iitoetos
973 2441 1085 2521 rapido
1104 2449 1212 2522 pontes
1234 2440 1419 2507 subtermeat
1439 2447 1511 2501 cesto

337 2540 531 2627 Adslclosqraee
554 2563 631 2627 ooqo
655 2545 893 2626 temperatique
915 2543 1019 2606 tholos.
1056 2545 1164 2605 omitto
1185 2542 1258 2605 alio.
1298 2549 1512 2604 consonatum

337 2647 455 2726 optime
477 2646 597 2708 dietum
621 2657 685 2725 est,
721 2646 778 2708 sed
808 2646 950 2726 intellegi
979 2655 1083 2727 potest
1114 2665 1220 2726 neque
1249 2645 1336 2706 volui
1359 2645 1513 2724 quicquan

336 2758 502 2829 temptare.
543 2749 663 2810 scilicet
687 2768 813 2810 carmen
838 2767 900 2810 non
931 2749 1044 2810 melius
1067 2747 1247 2810 iaciendum
1271 2758 1319 2809 est
1342 2765 1435 2828 quam
1457 2747 1513 2826 ipse

336 2861 427 2932 poeta
458 2850 543 2914 lecit.
592 2853 699 2932 itaque
728 2852 974 2932 adquiescamus
1007 2853 1102 2914 etiem
1137 2852 1169 2913 iu
1193 2860 1302 2913 octavo
1324 2867 1438 2928 versu,
1466 2845 1513 2910 uhi

337 2956 454 3032 rectius
477 2965 596 3016 ametor
619 2973 713 3034 quam
737 2954 844 3034 puella
868 2954 947 3015 nihil
971 2964 1113 3016 metuere
1136 2953 1310 3016 diceretur.

421 3057 554 3118 XXVIII.
602 3057 709 3119 Nullas
731 3057 828 3119 luisse
852 3057 886 3117 C.
906 3057 976 3118 iulii
993 3056 1136 3118 Caesaris
1151 3053 1382 3136 Ephemerides
1400 3073 1416 3115 a
1434 3053 1516 3114 Com·

336 3161 500 3221 mentariis
523 3159 667 3221 diversos
684 3159 896 3240 Nipperdeius
917 3160 1006 3220 initio
1022 3160 1249 3232 Quaestionum
1266 3158 1514 3219 Caesarieuerum

335 3264 511 3325 rectissime
535 3262 763 3325 demonstravit
786 3262 937 3342 idemque
961 3282 993 3342 p.
1011 3261 1051 3322 35
1076 3260 1184 3324 docuit
1206 3271 1367 3323 extremae
1385 3257 1516 3338 antiqui·

334 3367 408 3428 tetis
437 3367 608 3447 scriptores
638 3367 762 3427 Latinos
785 3363 1033 3426 Commentarios
1057 3364 1201 3426 Caesaris
1223 3361 1467 3444 Ephemeridem
1486 3367 1514 3420 ut

328 3477 426 3530 -entca
451 3467 650 3530 Plutarchum
668 3462 874 3552 Ἐφηρερίδας
896 3466 1142 3548 Appianumque
1167 3463 1245 3536 tota<
1268 3458 1445 3550 ἀναγραφὰς
1465 3463 1515 3524 τῶν

333 3569 494 3654 ἐφημέρων
517 3568 613 3656 ἔργων
637 3570 756 3632 dixisse
780 3569 1062 3651 subscriptumque
1087 3588 1155 3632 esse
1180 3571 1238 3631 hoc
1261 3587 1375 3631 nomen
1394 3569 1426 3630 iu
1442 3565 1515 3646 opti-

335 3675 394 3734 mis
417 3685 449 3736 et
471 3676 703 3756 antiquissimis
726 3672 962 3754 exemplaribus
985 3675 1017 3733 in
1042 3673 1103 3734 fine
1124 3683 1194 3736 ceto
1215 3672 1370 3734 librorum
1385 3669 1426 3733 de
1442 3668 1516 3730 hello

334 3775 461 3838 Gallico.
488 3776 590 3838 habeo
612 3777 788 3859 paullulum
805 3775 891 3857 quod
906 3775 1015 3838 doctae
1032 3775 1238 3857 disputationi
1254 3774 1380 3837 eddam.
1405 3772 1515 3834 etenim

331 3879 446 3941 hrator
468 3880 500 3941 in
523 3880 666 3960 Epistula
688 3879 729 3941 ed
753 3880 972 3956 Parthenium,
1009 3880 1064 3959 qui
1094 3898 1167 3941 eum
1195 3878 1271 3940 olim
1300 3879 1466 3939 Ravennae
1488 3875 1515 3933 in

334 3981 449 4044 studiis
472 3981 635 4044 doctrinae
657 3983 834 4060 adiuuerat,
862 3983 939 4044 heeo
963 3981 1042 4044 dicit
1065 4001 1095 4042 v.
1114 3983 1167 4060 39,

542 4087 686 4148 Caesaris
708 4085 855 4148 historias
879 4085 921 4146 ibi
939 4086 1076 4166 priorum
1099 4093 1125 4146 te
1148 4084 1224 4147 doce
1246 4084 1314 4166 ispi,

582 4207 661 4270 quus
684 4199 718 4250 ut
739 4188 948 4269 ephemerides
971 4187 1105 4250 condidit
1127 4190 1190 4268 ipse
1212 4186 1282 4249 sibi.

333 4290 455 4370 primus
478 4292 536 4352 hoo
557 4290 699 4354 Aretoris
721 4310 849 4354 carmen
873 4309 913 4353 ex
936 4289 1018 4353 libro
1041 4291 1188 4352 Remensi
1213 4287 1397 4352 sirmondus
1420 4284 1515 4349 edidit

332 4395 365 4454 in
390 4393 453 4454 line
475 4413 609 4474 operum
631 4394 786 4473 Ennodii‚
818 4397 851 4456 in
873 4393 1005 4458 Aratore
1027 4391 1193 4456 Arutzenii
1217 4393 1334 4473 legitur
1355 4411 1392 4472 p..
1405 4389 1515 4451 2b'iss.

332 4497 536 4558 Parthenium
570 4497 659 4560 illum
688 4515 751 4560 uon
784 4497 948 4562 diversum
982 4495 1079 4560 luisse
1111 4493 1154 4558 ah
1182 4495 1319 4558 Ennodii
1347 4513 1384 4558 ex
1413 4509 1517 4556 sorore
