3156 5132
594 1383 644 1453 tv.

487 1573 752 1639 anennual.

109 1785 131 1844 l.
163 1783 290 1846 Caelius
310 1780 502 1846 Aurelianus
525 1783 671 1846 Celerum
694 1785 874 1866 passionum
898 1783 975 1845 1130
1000 1782 1078 1844 haee
1099 1782 1271 1862 habeatne

37 1885 169 1967 spadam
192 1887 302 1970 votpas
325 1885 457 1968 pendam
477 1887 690 1949 consuetudine
703 1889 833 1970 propria
847 1894 875 1948 et
889 1886 1077 1948 dominantia
1092 1889 1210 1968 mopnis

36 1989 193 2053 nominibus
216 1990 361 2073 adpeliot,
386 1997 421 2052 nt
441 2009 584 2074 ιιιοροοιιι
607 2009 693 2052 more
709 2008 833 2052 sacram
848 2008 934 2051 mare
949 1996 1036 2070 aspie
1051 1989 1130 2051 inem
1145 1988 1209 2050 dei-

35 2091 107 2168 ficam
135 2093 326 2176 epilepticam
351 2095 535 2175 possiem.
582 2093 696 2156 similia
726 2092 859 2156 uberius
885 2093 1014 2175 exponit
1035 2091 1208 2154 Tardarum

39 2196 204 2271 passionum
227 2217 237 2258 ι
258 2199 295 2276 l,
326 2197 472 2279 epilepsia
501 2195 680 2260 vocabalum
708 2199 837 2280 sumpsit
864 2196 943 2279 patod
970 2214 1092 2260 settsnm
1121 2203 1210 2277 atone

41 2302 289 2381 intemperiae
310 2299 529 2382 adprehendat.
575 2300 750 2383 adpellotur
772 2301 862 2362 ettam
883 2300 1012 2383 puerilis
1024 2300 1140 2381 passio,
1165 2299 1209 2362 si-

38 2401 138 2479 ptidem
167 2405 201 2465 in
230 2404 306 2485 ipsis
334 2401 364 2484 ll.
390 2401 467 2486 istis)
501 2402 638 2466 mandat
657 2403 824 2481 aetatibus,
855 2411 884 2466 et
904 2423 1014 2480 sacra,
1045 2404 1109 2466 sive
1131 2402 1210 2484 qnod

38 2503 165 2570 diuinitas
195 2514 318 2588 putetur
346 2508 492 2583 inmissa,
523 2509 588 2569 sive
615 2508 693 2589 patod
714 2526 838 2570 sacram
860 2507 1041 2570 contaminet
1061 2508 1206 2583 animem,

38 2609 86 2668 n'ne
100 2610 179 2691 qnod
193 2612 226 2672 in
241 2612 338 2692 capite
349 2611 415 2692 fiat,
430 2610 508 2692 qaod
522 2611 686 2673 multorum
698 2609 945 2694 philosophorum
961 2609 1070 2672 indicio
1086 2627 1209 2671 sueram

38 2713 161 2792 temptam
183 2721 228 2776 est
247 2715 349 2795 partis
372 2715 493 2775 animae
515 2715 547 2776 ia
569 2731 694 2796 empore
715 2721 818 2792 natae,
843 2716 908 2777 sive
922 2713 956 2776 ob
972 2712 1209 2796 mapnitodinem

36 2817 192 2890 passionis:
216 2817 336 2879 maiora
356 2818 436 2878 enim
457 2817 567 2900 vulpes
590 2835 683 2880 soora
704 2818 840 2894 vocavit;
865 2817 934 2880 inde
955 2835 1079 2880 saconm
1094 2815 1206 2878 dictum

37 2933 106 2979 aare
126 2927 153 2982 et
175 2939 270 2983 saera
291 2919 407 2994 domus,
434 2920 516 2982 vetat
537 2923 673 3004 tropicas
691 2928 782 3003 poeta
802 2939 925 2984 sacram
947 2927 1070 3000 nostem,
1097 2919 1150 2981 Ιιοο
1164 2926 1209 2980 est

37 3037 179 3102 mapsam,
211 3023 388 3104 adpellavit.
436 3023 671 3086 commentabar
697 3022 826 3104 dehis,
860 3044 896 3086 eo
919 3024 1056 3086 maxime
1079 3022 1208 3084 oonsilio

37 3133 64 3181 ut
77 3123 209 3189 Graecae
233 3145 314 3207 quae
338 3129 370 3189 in
394 3127 440 3189 eis
457 3127 566 3191 insunt
581 3126 742 3190 doetrinae
758 3127 892 3208 vestigia
906 3145 1094 3209 persequar.
1134 3145 1207 3187 nam

38 3227 107 3303 qnod
133 3229 175 3292 ad
202 3248 358 3292 summam
389 3229 612 3311 disputationis
634 3233 765 3312 attinet,
798 3229 832 3292 id
855 3229 964 3293 estad
988 3249 1102 3293 nomen
1125 3231 1206 3291 sacri

38 3329 120 3392 norbi
143 3343 229 3396 seete
253 3332 489 3414 explicandum,
514 3353 577 3396 non
601 3343 704 3416 potest
727 3333 867 3396 dubitari
891 3333 969 3414 quin
993 3335 1086 3396 missa
1110 3351 1207 3414 argu-

39 3431 87 3492 tula
107 3437 165 3497 ista
188 3436 409 3517 grammaticae
432 3436 621 3500 eruditionis
644 3436 817 3500 subtilitate
832 3436 1032 3520 sequendum
1048 3437 1088 3500 sit
1104 3437 1207 3498 veris-

38 3533 132 3600 simum
156 3539 309 3603 iudioium
326 3539 535 3621 Hippocratis,
561 3541 616 3622 qui
640 3542 672 3603 in
696 3541 765 3623 ipso
786 3539 861 3602 libri
877 3559 972 3621 quem
989 3540 1029 3603 de
1045 3561 1081 3603 eo
1097 3539 1206 3602 morbo

39 3645 202 3725 conseripsit
232 3643 323 3705 initio
352 3644 399 3704 sio
427 3642 584 3725 loquitur,
615 3639 685 3729 napi
708 3640 760 3728 plo
782 3646 836 3730 rip<
860 3643 940 3728 ἱερῆς
962 3638 1070 3707 νούσου
1091 3644 1206 3706 κολεο-

39 3737 110 3826 Ιιένης
138 3737 197 3810 aide
226 3743 306 3832 ἔχει.
358 3739 446 3809 ούδέν
474 3769 504 3809 τι
532 3770 583 3830 μοι
611 3745 711 3810 δοκέει
739 3749 798 3811 τῶν
829 3737 930 3814 illan
959 3744 1097 3831 θειοτέρη
1128 3740 1206 3808 εἶναι

38 3837 130 3911 νούσων
151 3845 223 3915 ούδὲ
247 3847 409 3936 Ιεροιτέρη,
434 3841 514 3913 ἀλλὰ
535 3843 623 3936 φύσιν
647 3847 700 3935 μὲν
722 3848 804 3936 ἔχειν
827 3841 865 3935 ἣν
887 3847 938 3914 καὶ
960 3845 998 3913 τὰ
1019 3844 1109 3914 λοιπὰ
1131 3870 1205 3911 νου-

39 3939 137 4029 sipara
164 3945 236 4016 ὅθεν
265 3951 415 4039 γίγνεται,
447 3945 536 4039 φύσιν
566 3950 600 4016 δὲ
629 3948 705 4040 αὐτῇ
736 3950 786 4019 καὶ
813 3947 963 4041 πρόφασιν
992 3952 1021 4016 οἱ
1051 3943 1207 4038 ἄνθρωποι

39 4043 156 4133 ἐνόμισαν
178 4050 263 4121 lisinis
284 4079 314 4120 τι
334 4059 459 4142 πρῆγμα
481 4051 561 4120 εἶναι
583 4049 638 4120 ὑπὸ
661 4052 795 4143 ἆπειρίης
811 4052 861 4120 καὶ
882 4049 1135 4142 θουροσιύτητος,
1159 4047 1207 4120 ’ύτι

39 4147 106 4218 altio
126 4155 205 4226 ἔοικε
227 4159 348 4246 ἑτέρῃσι
369 4153 512 4224 νούσοισι.
560 4155 612 4224 καὶ
634 4155 712 4224 κατὰ
736 4159 788 4245 μὲν
811 4157 865 4246 τὴν
882 4155 1006 4246 ἀπορίην
1024 4153 1139 4224 ούτοῖσι
1153 4162 1207 4223 τοῖν

41 4251 70 4340 tt}
88 4259 256 4345 γιγνώσκειν
277 4259 311 4327 τὸ
334 4263 417 4328 θεῖον
441 4258 516 4349 ούτῇ
541 4261 735 4341 διασώζεται,
758 4259 837 4329 κατὰ
859 4261 893 4328 δὲ
914 4259 968 4348 τὴν
991 4257 1131 4349 εύπορίην
1152 4263 1204 4326 τοῦ

40 4353 126 4440 spineo
145 4369 199 4452 τῆς
222 4362 319 4452 listas
341 4357 518 4432 οἷούλλοτσι.
568 4387 638 4431 oum
656 4369 759 4432 Caelio
776 4367 1000 4432 Almelovenns
1022 4367 1205 4450 oonparavit

41 4459 182 4532 araneum
207 4470 437 4553 otilpuleium.
483 4489 619 4552 qnorum
641 4472 695 4532 ille
718 4470 759 4533 de
782 4473 886 4535 nausis
908 4481 939 4534 et
961 4473 1061 4553 signis
1076 4471 1204 4532 chroni-

41 4581 123 4632 tomm
153 4573 337 4637 morborum
360 4577 404 4636 tl
429 4575 472 4637 ita
495 4575 535 4637 de
559 4574 712 4656 epilepsia
736 4576 893 4656 loquitur,
926 4567 1078 4638 ἀλλὰκαὶ
1101 4563 1204 4644 ἄδοξος
