3178 5136
348 367 421 438 526
515 433 539 453 ,,
742 377 785 438 Εκ
808 397 903 440 anese
925 379 1132 440 Bnuotrurnsr.

348 592 401 652 μιν
431 563 480 632 τόν
509 571 569 630 τῶν
597 566 698 630 λυπῶν
727 557 808 649 ἥττω
835 561 928 628 κακὸν
956 558 976 648 ἡ
1004 561 1056 628 καί
1082 558 1132 628 τόν
1161 569 1220 628 τῶν
1250 559 1367 650 ἡδονῶν
1396 569 1507 650 pilton

347 670 518 753 respondet
542 670 659 732 Cliniae
682 667 785 753 ἔμοιγε
815 667 914 747 δοκεῖ,
945 662 995 732 τόν
1022 670 1081 730 τῶν
1103 661 1240 752 ἡδονῶν·
1276 663 1328 731 καί
1347 661 1447 740 πάντες
1464 691 1512 732 που

347 874 452 948 δίστως
474 869 584 960 ἥττονα
605 875 714 939 ἑαυτοῦ
734 871 878 960 πρότερον
899 866 920 958 ἡ
943 868 993 938 τδν
1016 867 1071 936 ὑπὸ
1094 875 1207 938 λυπῶν.
1244 893 1307 936 non
1336 885 1418 939 reete
1439 875 1512 950 haec,

347 990 500 1060 cluantunr
523 979 627 1058 video,
653 982 845 1060 interpretes
867 979 1077 1058 explicarunt.
1116 979 1267 1038 nimirum
1294 968 1405 1061 ἥττονα
1424 975 1516 1038 ἑαυτοῦ

346 1083 445 1144 semel
469 1083 605 1164 positum
633 1092 697 1160 est,
735 1081 792 1143 sed
821 1079 1072 1161 intellegendum
1101 1081 1191 1159 quasi
1221 1079 1272 1141 bis
1295 1090 1379 1142 esset
1400 1078 1513 1141 dictum.

347 1203 442 1264 quam
464 1184 615 1264 loquendi
639 1187 706 1246 sive
729 1183 919 1246 brevitatem
935 1185 1003 1244 sive
1018 1183 1251 1263 neglegentiam
1266 1182 1440 1245 ludovicus
1453 1182 1516 1242 ltil-

347 1288 465 1350 dorlius
496 1289 528 1348 in
551 1288 768 1368 Xenophontis
794 1288 873 1348 llist.
892 1285 946 1347 Gr.
964 1287 1019 1346 u3
1040 1287 1079 1346 49
1103 1285 1272 1365 exquisitis
1301 1287 1451 1365 exemplis
1469 1283 1515 1345 de·

347 1392 543 1453 monstravit.
590 1409 694 1470 neque
717 1389 820 1451 aliena
843 1397 891 1449 est
913 1388 966 1450 illa
988 1387 1117 1450 dicendi
1140 1389 1219 1450 ratio
1241 1407 1258 1448 a
1283 1388 1420 1450 Platone.
1457 1405 1515 1448 nan

346 1514 417 1557 eum
441 1495 567 1575 scripsit
590 1495 622 1554 in
638 1491 804 1554 Phaedone
828 1513 861 1572 p.
881 1485 956 1552 me
977 1487 1007 1554 οἳ
1029 1487 1063 1553 δέ
1086 1486 1123 1574 δὴ
1147 1483 1183 1554 ἀν
1207 1485 1314 1561 δόξωσι
1334 1484 1516 1576 διαφερόντως

345 1592 419 1682 πρὸς
441 1592 474 1660 τδ
497 1589 586 1666 ὁσίως
608 1595 726 1680 βιῶναι,
752 1594 803 1655 bis
819 1594 917 1657 voluit
934 1593 1074 1674 intellegi
1098 1592 1217 1677 βιῶναι.
1250 1594 1336 1676 apud
1353 1595 1515 1657 Pausaniam

346 1719 399 1761 rur
423 1701 460 1759 ta
484 1701 501 1759 3
528 1699 605 1760 haee
633 1701 750 1778 scripta
778 1706 872 1772 sunt,
905 1695 1065 1759 Φενεατῶν
1089 1695 1122 1758 δέ
1151 1695 1215 1760 ἐστι
1243 1690 1331 1779 λόγος
1354 1692 1404 1759 καί
1424 1689 1515 1782 πρίνὴ

347 1799 431 1866 Ναὸν
462 1796 628 1887 ἀφικέσθαι
655 1793 714 1884 γάρ
742 1795 794 1862 καί
822 1798 956 1862 ἐνταῦθα
985 1793 1131 1884 Δήμητρα
1158 1797 1374 1883 πλανωμένην,
1406 1793 1516 1863 ’όοοιδὲ

346 1905 506 1968 Φενεατῶν
530 1899 604 1988 οἴκιμ
625 1925 658 1965 τε
685 1899 737 1965 καί
766 1900 869 1973 ξενίοις
897 1900 1035 1972 ἐδέξαντο
1063 1897 1156 1986 αὐτὴν
1182 1895 1297 1973 τούτοις
1325 1897 1363 1966 τά
1385 1893 1515 1988 όσιτριαὴ

349 2003 419 2078 θεὸς
441 2001 478 2070 τό
500 1997 590 2084 ἄλλα,
616 1999 731 2088 κόσμον
754 2003 788 2068 δὲ
810 1999 865 2068 οὑκ
886 2001 981 2068 ἔδωκέ
1004 2027 1117 2090 σφισιν.
1164 2005 1205 2068 de
1227 2005 1346 2087 quibus
1375 2025 1435 2067 non
1457 2025 1516 2067 eon-

348 2111 436 2172 venit
459 2111 535 2170 milti
566 2129 637 2171 cum
666 2107 767 2170 doctis
799 2107 996 2170 hominihus:
1037 2117 1113 2188 puto
1135 2109 1220 2171 enim
1246 2105 1358 2190 'neque
1380 2109 1515 2171 excidisse

347 2216 518 2294 quicquam
540 2223 611 2294 post
633 2205 717 2274 Ναόν
741 2230 847 2291 neque
869 2203 927 2295 γάρ
951 2209 1036 2292 quod
1057 2220 1128 2292 post
1149 2204 1316 2295 ἀφικέσθαι
1346 2223 1394 2274 est
1421 2211 1515 2274 delen·
1575 2205 1576 2242 ³

347 2315 424 2378 dum
447 2335 535 2393 esse,
567 2314 625 2377 sed
652 2309 818 2398 ἀφικέσθαι
840 2314 1024 2375 Pausaniam
1053 2314 1096 2374 ita
1127 2312 1245 2376 dixisse
1274 2324 1311 2376 ut
1341 2317 1375 2376 in
1396 2317 1516 2375 oratione
1575 2289 1576 2314 ί

346 2417 530 2481 adcuratius
552 2416 705 2497 disposita
727 2417 777 2479 bis
800 2436 836 2477 eo
860 2425 945 2478 esset
958 2414 1125 2478 utendum.
1166 2416 1271 2479 lenius
1291 2416 1436 2498 estquod
1452 2415 1515 2478 dixit

346 2541 399 2583 νιιι
415 2522 455 2583 25
474 2523 512 2582 λδ
538 2511 557 2583 ἀ
579 2520 609 2583 σί
630 2513 855 2589 πεπιστευκότες
879 2511 993 2601 μάταια
1014 2513 1157 2582 ἴστωσαν.

433 2625 499 2686 Non
529 2626 628 2702 magis
655 2623 805 2685 adcurate
833 2621 987 2702 explicata
1017 2623 1147 2682 memini
1175 2639 1256 2701 quae
1283 2624 1358 2703 Leg.
1377 2643 1438 2705 vp.
1455 2625 1515 2684 'lat‘

347 2727 507 2806 dicuntur,
534 2721 550 2789 ὑ
573 2721 611 2809 δὴ
636 2719 764 2810 σώφρων
786 2727 839 2787 τοῦ
862 2718 1030 2787 ἀκολάστου
1052 2718 1103 2786 καί
1125 2715 1141 2786 ὑ
1164 2715 1309 2807 φρόνιμος
1326 2727 1378 2788 τοῦ
1393 2717 1512 2810 ἄφρονος,

346 2831 456 2915 φαῖμεν
480 2821 526 2909 ἀν,
558 2823 648 2892 καλό
677 2830 730 2911 τῆς
753 2822 891 2910 ἀνδρείας
912 2829 965 2888 τοῦ
992 2827 1045 2910 τὴς
1073 2823 1188 2897 δειλίας
1215 2819 1361 2890 ἐλάττονα
1389 2825 1436 2890 καί
1456 2851 1516 2910 σμι-

346 2926 473 3017 κρότερα
499 2928 552 2994 καί
583 2925 733 3015 μανότερα
763 2927 844 3014 ἔχων
875 2923 1047 3014 ἀμφότερα,
1088 2930 1125 3013 τῇ
1154 2929 1213 2991 τῶν
1251 2922 1369 3012 ἡδονῶν
1397 2928 1515 3014 ἑκάτερος

346 3028 487 3119 έκάτερυν
510 3027 722 3118 ὑπερβάλλων,
747 3036 784 3117 τῇ
807 3033 860 3115 τὴς
883 3025 978 3115 λόπης
1000 3029 1123 3094 ἐκείνων
1147 3025 1392 3117 ὑπερβαλλόντων
1413 3027 1512 3106 αότοός,

346 3131 362 3200 ὑ
386 3135 439 3220 μέν
464 3131 598 3220 ἀνδρεῖος
618 3129 669 3199 τάν
693 3130 803 3214 δειλόν,
829 3128 845 3198 ὑ
869 3132 902 3197 δὲ
917 3129 1061 3219 φρόνιμος
1075 3128 1125 3197 τόν
1147 3125 1265 3219 άφρονα
1280 3125 1412 3200 νικῶσίν.
1447 3136 1513 3198 diota

346 3250 420 3302 sunt
442 3241 479 3324 τῇ
502 3242 561 3302 τῶν
584 3233 701 3322 ἡδονῶν
726 3247 756 3300 et
778 3239 815 3322 τῇ
838 3240 892 3321 τῆς
914 3230 1010 3320 λόπὴς
1032 3238 1074 3298 ita
1094 3248 1130 3299 ut
1151 3239 1359 3320 intellegatur
1372 3234 1510 3324 ὑπερβολῇ.

346 3344 436 3405 cuius
453 3341 597 3404 vocabuli
612 3342 771 3403 notionem
788 3339 993 3422 suppeditant
1016 3331 1212 3424 ὑπερβάλλων
1228 3351 1260 3402 et
1275 3335 1510 3428 ὑπερβαλλόντων.

346 3445 506 3526 disputavi
529 3443 570 3506 de
594 3445 652 3505 hoc
673 3444 822 3524 ellipseos
844 3461 962 3524 genere
986 3443 1020 3503 in
1047 3446 1204 3523 prooemio
1228 3443 1346 3507 ludiois
1368 3447 1511 3508 lectionum

346 3549 449 3610 hieme
471 3549 547 3610 anni
578 3565 731 3608 soccum
752 3547 888 3608 Berolini
917 3543 1136 3607 habendarum
1159 3544 1209 3629 [rr
1227 3549 1289 3609 501
1294 3545 1326 3630 J.
1373 3547 1425 3610 nbi
1444 3543 1510 3626 quod
1574 3609 1575 3618 ¹

345 3671 378 3732 p.
398 3651 416 3711 7
440 3650 530 3713 attuli
553 3650 662 3723 Quinti
686 3649 853 3729 Smyrnaei
876 3667 1004 3710 versum
1028 3666 1056 3708 ιι
1076 3647 1147 3726 ⁴76,
1173 3638 1300 3713 τοῦνεκα
1321 3643 1389 3734 ἡσιν
1409 3649 1510 3714 ἕκαστος
1574 3636 1575 3688 ί

345 3747 389 3815 ἀνί
409 3749 542 3837 κλισίῃσι
564 3751 704 3816 κέλευσεν
727 3747 814 3834 Νὴας
837 3747 1014 3836 ἀμοιβαίῃσι
1036 3739 1246 3835 φυλάσίσιμεν,
1271 3763 1410 3835 poteram
1427 3751 1511 3832 expli-

286 3857 500 3921 tescetionern
517 3853 661 3916 Lobeclxii
679 3856 711 3914 in
728 3855 860 3936 Paralip.
880 3873 928 3936 gr.
947 3853 1001 3915 Gr.
1020 3872 1052 3934 p.
1064 3855 1125 3914 att
1151 3854 1300 3938 φυλακαῖς
1322 3855 1510 3936 intellegentis

345 3978 381 4022 eo
403 3958 591 4020 confirmare
621 3955 706 4037 quod
735 3957 846 4019 eadem
876 3958 979 4038 ellipsi
1008 3957 1199 4036 aliquotiens
1227 3959 1329 4020 utitur
1355 3957 1464 4021 Aeneas
1481 3958 1507 4016 in

345 4063 540 4142 Strategicis.

432 4162 564 4224 LXXXI.
603 4161 754 4225 Aelianus
771 4165 844 4225 Ver.
864 4163 938 4224 hist.
957 4163 1018 4224 13⁴
1046 4153 1118 4225 ὅταν
1140 4160 1172 4233 ἐς
1195 4157 1315 4248 Πέρσας
1336 4157 1437 4246 έλαόνφ
1455 4160 1508 4246 βυ·

346 4259 456 4345 σιλεός,
480 4260 588 4336 πάντες
611 4259 693 4352 αὑτῷ
716 4261 834 4351 Πέρσαι
854 4260 931 4328 κατὰ
953 4259 1006 4349 τὴν
1029 4263 1139 4328 ἑαυτοῦ
1158 4259 1282 4348 δόναμιν
1297 4263 1413 4336 έκαστος
1424 4285 1507 4348 epos-

343 4363 525 4450 κομίζουσιν.
566 4369 883 4449 llerolterop.nxr111
906 4377 976 4448 post
997 4367 1122 4438 ἕκαστος
1143 4365 1300 4430 excidisse
1321 4367 1408 4453 δῶρον
1428 4364 1508 4426 iide-

344 4480 407 4532 tur.
445 4471 562 4533 suflicit
584 4469 725 4533 scribere
747 4463 872 4541 ἕκαστός
894 4492 923 4532 τι
943 4467 1202 4553 προσκομίζουσιν.
1445 4469 1448 4473 ’
