3178 5136
356 377 428 450 492
751 390 796 451 Ex
818 409 914 452 ιιειιιιι
937 391 1145 452 Βεκοιικιιιει.

440 574 498 643 άπδ
522 575 636 665 ψύχους
658 577 779 662 γίνεται,
815 571 885 642 όταν
907 573 945 642 τὰ
967 573 1073 662 στερεὰ
1094 571 1179 662 πάθη
1202 573 1255 640 καί
1269 573 1398 663 νευρικήν
1412 577 1511 661 συγκτά-

441 685 526 748 θειαν
550 678 706 766 υπομείνη.
747 681 885 746 καλεῖται
908 679 941 744 δέ
963 681 1084 752 τέτανος
1106 675 1166 745 άπὸ
1186 684 1240 744 τοῦ
1261 678 1399 744 τετάσθαι
1410 675 1511 745 όλοντὸ

397 798 412 847 5
443 791 542 868 σῶμα,
576 783 705 869 μάλιστα
729 781 781 867 μὲν
806 777 866 848 άπὸ
888 788 940 868 τῆς
963 787 1099 869 κεφαλῆς
1122 781 1174 848 καί
1195 775 1280 848 ιότυιν
1302 782 1353 846 καί
1372 781 1510 870 τραχήλου.

441 890 531 974 μέχρι
554 886 587 952 δέ
608 883 675 952 τότε
698 890 736 973 ζῇ
758 887 817 959 ίως
838 882 858 972 ἡ
882 886 993 972 καρδία
1015 883 1051 951 οό
1074 882 1213 974 ψόχεται,
1251 886 1391 974 ψυχείσης
1411 885 1442 950 δέ
1461 889 1513 950 δια·

440 987 585 1077 φωνήσει.
621 993 706 1055 τοῦτο
730 989 763 1054 δὲ
785 989 879 1075 έγνων
895 986 957 1075 ἐγώ
973 985 1131 1075 γενόμενος
1157 1038 1337 1055 .......
1360 987 1431 1054 κατά
1445 986 1514 1074 λάρ-

438 1118 488 1158 νον
511 1099 564 1178 τῆς
588 1091 766 1170 Παννονίας,
790 1093 909 1178 βασιλεῖ
930 1089 1136 1179 παρεπόμενος
1159 1089 1210 1157 καί
1231 1089 1274 1166 ὡς
1289 1091 1374 1178 φίλος
1392 1089 1439 1158 σόν
1454 1089 1515 1178 αὐτῷ

440 1193 564 1281 διάγων.
612 1189 731 1282 άθρόως
754 1187 806 1260 οὖν
834 1191 968 1282 ἠπείχθη
992 1191 1044 1260 διὰ
1065 1191 1161 1282 γάμον
1184 1193 1236 1260 καί
1263 1191 1324 1260 ἀπὸ
1349 1199 1399 1280 της
1419 1191 1516 1281 ίίάρνοι

378 1312 408 1362 10
437 1297 497 1365 κατ’
526 1295 622 1386 ἀρχάς
648 1304 702 1364 τοῦ
732 1297 933 1386 φεβρουαρίου
968 1295 1060 1385 μηνός
1089 1293 1204 1364 ὥδευσε
1233 1283 1393 1384 τεταμένος
1418 1300 1455 1372 είς
1476 1295 1515 1382 την

436 1399 564 1468 Ἰταλίαν
587 1397 629 1475 ὡς
652 1399 706 1466 διίο
736 1398 787 1466 καί
815 1404 892 1489 τρεῖς
915 1399 1009 1487 μονάς
1032 1401 1102 1486 μίαν
1125 1407 1261 1488 ποιῆσαι.
1310 1399 1476 1466 διελθόντων
1494 1399 1517 1464 δὲ

440 1503 525 1592 ἡμῶν
547 1511 646 1570 πᾶσαν
669 1503 722 1591 τήν
746 1502 885 1591 Νωρικδν
907 1503 959 1570 καί
981 1504 1084 1571 λοιπὸν
1107 1503 1156 1570 ἐπί
1176 1503 1230 1578 τὰς
1246 1498 1365 1596 Ἄλπεις
1380 1501 1516 1591 ἐπιβάντων

438 1607 492 1682 τὰς
510 1606 640 1682 ’ίουλίας
662 1609 859 1694 καλουμένας,
886 1605 963 1696 χιτθν
986 1604 1099 1695 ἐρράγη
1121 1605 1217 1694 πολλὴ
1240 1605 1309 1695 περί
1330 1602 1409 1695 ὥραν
1423 1604 1516 1694 πρότηι

441 1708 661 1799 ἀναβαινόντων
684 1709 737 1785 τάς
752 1705 882 1785 Ἄλπεις.
928 1707 995 1778 τότε
1016 1711 1069 1777 καί
1092 1717 1271 1798 στρατιῶται
1293 1709 1343 1776 ἐπί
1364 1715 1423 1785 τοῖς
1442 1709 1518 1780 ἵπποις

378 1827 408 1878 15
437 1817 579 1902 παγέντες
609 1811 783 1882 άποίλλυντο
812 1812 863 1879 καί
894 1813 998 1899 ἔμενον
1028 1814 1077 1879 ἐπί
1110 1822 1168 1880 τῶν
1196 1815 1294 1880 ἵππων
1324 1815 1515 1900 συντεταμένοι.

440 1922 563 2006 σημεῖον
586 1919 620 1984 δὲ
641 1912 678 2004 ἧν
700 1924 753 1984 τοῦ
775 1919 954 2004 τεθνηκέναι
977 1915 1095 2000 αιἰτοός,
1126 1921 1290 2004 σπωμένων
1312 1916 1371 2006 γάρ
1392 1923 1446 1983 τῶν
1465 1940 1518 2002 χει-

439 2027 500 2088 λιῖιν
523 2025 551 2088 οί
579 2019 698 2095 ὀδόντες
728 2022 896 2108 ἐφαίνοντο.
943 2019 995 2086 καί
1024 2023 1180 2108 συνέβαινε
1213 2020 1262 2087 τόν
1290 2021 1380 2087 ίττπον
1408 2019 1448 2085 ἐτι
1467 2021 1516 2102 ίῆί,

439 2126 528 2213 ἔφερε
551 2125 585 2192 δέ
606 2123 656 2192 τόν
679 2125 765 2190 νέκυν
788 2129 841 2190 τοδ
864 2121 1046 2212 στρατιυίτου
1068 2122 1119 2190 καί
1141 2123 1250 2207 εἵπετο,
1277 2122 1295 2192 ὃ
1317 2123 1353 2190 δὲ
1374 2126 1453 2196 νέκυς
1471 2147 1516 2185 κα-

438 2231 520 2317 τεῖχε
542 2229 594 2294 καί
615 2225 648 2294 τό
672 2221 764 2295 όπλον
786 2227 839 2302 καί
859 2224 914 2315 την
935 2225 1022 2314 ἡνίαν
1046 2225 1098 2294 καί
1119 2231 1278 2314 τεταμένος
1297 2228 1412 2313 έμενεν,
1434 2223 1516 2312 τρόπον

376 2343 408 2394 20
437 2330 503 2398 τινά
525 2329 725 2419 συμπεφυκολς
746 2335 790 2419 τῷ
810 2331 908 2418 ίππιρ,
943 2327 984 2404 ὡς
1006 2331 1094 2418 ίργον
1117 2331 1195 2397 εἶναι
1223 2333 1284 2406 τοῖς
1308 2336 1385 2404 ζῶσι
1405 2331 1517 2395 καθελεῖν

441 2430 541 2501 αὐτόν.
575 2437 602 2501 εἰ
626 2435 659 2501 δέ
680 2431 732 2502 καί
753 2431 770 2500 δ
791 2435 879 2510 ίπττος
902 2431 1108 2520 συντεθνήκοι,
1131 2435 1238 2521 παγείς
1254 2432 1387 2520 είστηκει
1400 2432 1448 2499 καί
1460 2431 1517 2498 τίτί·

441 2563 539 2624 μενεν.
564 2545 659 2608 ταῦτα
682 2537 734 2623 μὲν
756 2539 871 2604 ἔπαθον
893 2538 1000 2604 πολλοί
1021 2537 1072 2604 καὶ
1091 2533 1197 2626 ἄνδρες
1212 2535 1264 2604 καί
1276 2537 1364 2603 ἵπποι
1377 2535 1427 2602 καί
1446 2534 1518 2622 ἧμίο·

317 2650 348 2697 ²⁴
445 2633 512 2722 νοι,Ι
536 2641 623 2726 μόνοι
645 2641 678 2706 δὲ
700 2637 766 2707 ὅσοι
786 2640 842 2729 πρό
873 2643 1020 2729 βασιλέως
1051 2643 1093 2715 είς
1121 2639 1174 2715 τάς
1201 2637 1303 2715 πόλεις
1325 2643 1519 2728 προεπέμποντο

439 2741 643 2832 ἡμεροδρόμοι
664 2738 733 2812 οότε
756 2743 840 2812 αὐτοί
863 2742 1015 2811 ἀπέθανον
1038 2738 1106 2812 οὔτε
1129 2746 1158 2809 οἱ
1179 2743 1264 2809 ίπποι
1287 2741 1397 2810 αὐτῶν.
1428 2737 1519 2828 ρσνερί

376 2859 409 2910 25
439 2847 473 2931 δὲ
494 2841 532 2933 ἧν
554 2846 574 2934 ἡ
599 2849 697 2914 αἰτία·
736 2845 837 2934 ἡγὰρ
866 2846 994 2935 συνεχὴς
1023 2849 1138 2933 κίνησις
1164 2847 1279 2913 ἔθαλπε
1301 2845 1335 2912 τὸ
1359 2844 1465 2934 ψυχρὸν
1483 2841 1518 2907 καί

438 2950 605 3022 ἐίωοποίει.
652 2951 740 3024 ἵππος
762 2943 813 3032 οὖν
843 2947 909 3018 τότε
942 2947 1013 3037 ἐμὸς
1040 2957 1097 3016 τῶν
1120 2951 1309 3031 σπουδαίων,
1348 2947 1392 3036 ἐφ’
1419 2941 1517 3034 ᾧνια·

440 3054 538 3127 νίοκος
560 3051 708 3140 ἐκάθητο,
741 3050 863 3140 ἐλήφθη
886 3059 928 3141 τῷ
955 3052 1069 3142 τετάνιρ
1091 3052 1143 3118 καί
1166 3051 1283 3139 σφόδρα
1307 3077 1346 3136 με
1368 3049 1399 3118 τό
1421 3055 1518 3136 πράγμτ
1561 3052 1565 3061 ’

440 3153 561 3223 ἐλόπει·
601 3153 688 3223 οὐδὲν
711 3155 769 3244 γάρ
790 3156 881 3223 ἵππου
910 3161 1011 3223 καλοῦ·
1028 3156 1080 3222 καί
1101 3159 1212 3243 γοργοδ
1233 3157 1418 3242 προκριτέον.
1447 3146 1518 3236 ἧνίέ

438 3256 455 3324 δ
477 3259 565 3333 ἵππος
588 3257 745 3341 Γαλλικός,
771 3262 845 3324 ἐτῶν
867 3255 956 3341 όκτιό,
983 3264 1026 3346 τῷ
1049 3257 1152 3347 δρόμῳ
1175 3254 1391 3345 ἀκατάσχετος.
1426 3251 1519 3341 σφόδρα

375 3375 408 3424 30
438 3355 489 3428 οὖν
513 3364 642 3448 ἐμέλησέ
666 3388 716 3447 μοι
739 3368 836 3450 σῷσαι
857 3360 907 3428 τὸν
929 3361 1029 3442 ἵππον,
1055 3361 1106 3426 καί
1126 3358 1230 3446 ἐπειδὴ
1246 3359 1440 3433 κατελθόντες
1453 3353 1519 3440 ἐμεί-

438 3490 530 3551 ναμεν
554 3468 597 3540 εἰς
618 3463 704 3531 πόλιν
728 3468 759 3530 ἐν
781 3459 802 3552 ᾗ
827 3462 900 3538 ξόλα
922 3468 1057 3552 δαψιλῶς
1079 3457 1116 3550 ἧν
1139 3464 1191 3529 καί
1214 3465 1294 3538 ξένος
1311 3491 1363 3550 μοι
1381 3465 1516 3551 βέλτιστος,

438 3567 550 3652 ἔστηοα
574 3565 662 3634 αότὸν
685 3571 716 3633 ἐν
740 3568 860 3656 οτάβλιρ
880 3573 977 3654 μικρῷ
999 3565 1050 3632 καί
1072 3570 1102 3631 ἐν
1125 3563 1229 3654 κόκλτρ
1248 3563 1341 3634 αιἰτοῦ
1363 3567 1519 3652 τεριέκωιττ

439 3832 464 3876 7.
484 3826 620 3896 γενόμενος
640 3823 683 3878 ἐπὶ
703 3842 810 3894 μεμαοιο
828 3823 927 3896 ἡμέρας
945 3825 1011 3878 κατὰ
1029 3825 1124 3896 κάρνου
1142 3831 1188 3895 τῆς
1208 3824 1344 3884 παννονίας
1359 3827 1385 3886 Ρ,
1409 3821 1521 3894 γενόμενος

353 3912 393 3965 ἐπὶ
412 3912 527 3970 παιονίας
546 3915 577 3963 H.
599 3911 641 3963 ἐπὶ
660 3929 768 3981 μεμσαω
786 3910 885 3982 ἡμέρας
904 3927 957 3962 non
976 3926 1088 3977 possum
1108 3913 1267 3962 emendare:
1298 3905 1398 3980 Κάρνον
1415 3917 1519 3960 ποοτετι-

353 4001 422 4049 rium
442 3999 593 4050 videbatur.
650 4003 674 4049 9.
695 3995 796 4065 ἀθρόως
811 4025 842 4036 -
856 3995 951 4068 ἐρράγη
972 3999 1006 4047 P:
1031 3997 1075 4049 καί
1099 3996 1195 4066 δήποτε
1221 3995 1262 4049 ἐπὶ
1287 3996 1382 4049 ίτολίσν
1400 3985 1519 4063 δισβτινίτ

351 4101 401 4136 των
419 4082 494 4153 ἡμῶν
512 4083 618 4142 καὶτὰς
635 4082 795 4152 καλουμένας
813 4081 901 4140 άλπεις
918 4085 982 4155 χιὼν
1002 4081 1121 4154 ἐξαίφνης
1138 4082 1283 4155 κατερράγη
1301 4085 1333 4136 ίί.
1367 4080 1448 4152 γάμου
1461 4081 1484 4129 Ρ.

353 4174 394 4220 τί.
415 4171 451 4228 ὸς
470 4163 492 4238 β’
510 4169 553 4222 καί
569 4163 591 4240 γ’
610 4170 690 4239 μονάς
709 4163 731 4222 τί
748 4169 859 4238 ποιήσας
879 4171 908 4222 P.
948 4174 988 4221 ⁴2.
1010 4167 1097 4220 ἔπειτα
1112 4167 1290 4222 σαλπισάντων
1303 4167 1399 4226 ίπίτλς
1418 4169 1449 4218 P:
1466 4175 1520 4228 qum

352 4258 465 4308 correxi.
516 4262 557 4307 43.
585 4253 692 4314 ’ίουλίας
711 4258 907 4306 Mommsonus:
936 4253 1050 4312 ίτολικοίς
1069 4257 1098 4306 Ρ.
1137 4255 1241 4324 πρωτην
1260 4257 1328 4324 ὤραν
1346 4256 1376 4304 Η.
1415 4257 1452 4302 τί.
1471 4249 1519 4300 όντ-

352 4339 488 4409 βαινόντσιν
505 4332 665 4400 τθςἈλπεις
678 4357 721 4393 om
736 4345 767 4392 Η.
806 4341 863 4392 τότε
875 4341 967 4392 καίΡ.·
987 4339 1031 4391 καὶ
1043 4340 1068 4392 οί
1082 4343 1112 4392 Η.
1153 4348 1193 4392 ίδ.
1209 4340 1336 4394 ἀπόλοντο
1351 4341 1379 4390 Η.
1416 4331 1519 4389 ’ἰταλ-

352 4423 393 4478 λολ
409 4426 453 4478 καὶ
470 4426 559 4495 ἄνδρες
576 4426 620 4478 καὶ
637 4425 712 4478 ίπποι
731 4429 763 4478 P:
788 4427 832 4478 καὶ
854 4424 930 4478 ίπποι
950 4425 994 4478 καὶ
1020 4425 1109 4496 ἄνδρες
1130 4429 1160 4478 H.
1197 4427 1243 4479 καὶ
1259 4417 1519 4497 ημίονοι-ίίσοπτίῑῐ

352 4527 395 4562 om
416 4513 447 4562 Η.
495 4518 536 4573 19,
557 4511 662 4584 γσλικδς
681 4515 711 4564 H.
