<?xml version="1.0" encoding="UTF-8"?>
<!DOCTYPE html PUBLIC "-//W3C//DTD XHTML 1.0 Transitional//EN"
    "http://www.w3.org/TR/xhtml1/DTD/xhtml1-transitional.dtd">
<html xmlns="http://www.w3.org/1999/xhtml" xml:lang="en" lang="en">
 <head>
  <title>
</title>
<meta http-equiv="Content-Type" content="text/html;charset=utf-8" />
  <meta name='ocr-system' content='tesseract 3.04.00' />
  <meta name='ocr-capabilities' content='ocr_page ocr_carea ocr_par ocr_line ocrx_word'/>
</head>
<body>
  <div class='ocr_page' id='page_1' title='image "./mavriciihavptii01haupgoog/mavriciihavptii01haupgoog_0110.png"; bbox 0 0 3160 5132; ppageno 0'>
   <div class='ocr_carea' id='block_1_1' title="bbox 304 443 1210 522">
    <p class='ocr_par' dir='ltr' id='par_1_1' title="bbox 304 443 1210 522">
     <span class='ocr_line' id='line_1_1' title="bbox 304 443 1210 522; baseline -0.003 -1"><span class='ocrx_word' id='word_1_1' title='bbox 304 459 398 521; x_wconf 80' lang='lat' dir='ltr'>Sscas</span> <span class='ocrx_word' id='word_1_2' title='bbox 421 477 519 522; x_wconf 80' lang='lat' dir='ltr'>num</span> <span class='ocrx_word' id='word_1_3' title='bbox 543 478 603 521; x_wconf 80' lang='lat' dir='ltr'>ron</span> <span class='ocrx_word' id='word_1_4' title='bbox 625 460 760 522; x_wconf 81' lang='lat' dir='ltr'>llrcaum</span> <span class='ocrx_word' id='word_1_5' title='bbox 782 461 928 521; x_wconf 76' lang='lat' dir='ltr'>Butram.</span> <span class='ocrx_word' id='word_1_6' title='bbox 1145 443 1210 518; x_wconf 87' lang='lat'>101</span> 
     </span>
    </p>
   </div>
   <div class='ocr_carea' id='block_1_2' title="bbox 608 753 627 813">
    <p class='ocr_par' dir='ltr' id='par_1_2' title="bbox 608 753 627 813">
     <span class='ocr_line' id='line_1_2' title="bbox 608 753 627 813; baseline 0 0"><span class='ocrx_word' id='word_1_7' title='bbox 608 753 627 813; x_wconf 81' lang='grc'><strong>5</strong></span> 
     </span>
    </p>
   </div>
   <div class='ocr_carea' id='block_1_3' title="bbox 309 907 934 1116">
    <p class='ocr_par' dir='ltr' id='par_1_3' title="bbox 309 907 934 1116">
     <span class='ocr_line' id='line_1_3' title="bbox 309 907 934 974; baseline -0.003 -2"><span class='ocrx_word' id='word_1_8' title='bbox 309 907 527 972; x_wconf 82' lang='lat' dir='ltr'>Celeberrimo</span> <span class='ocrx_word' id='word_1_9' title='bbox 549 909 617 970; x_wconf 90' lang='lat' dir='ltr'>viro</span> <span class='ocrx_word' id='word_1_10' title='bbox 642 909 731 970; x_wconf 88' lang='lat' dir='ltr'>Petro</span> <span class='ocrx_word' id='word_1_11' title='bbox 753 911 934 974; x_wconf 88' lang='lat' dir='ltr'>Burmanno</span> 
     </span>
     <span class='ocr_line' id='line_1_4' title="bbox 340 1011 895 1116; baseline -0.004 -41"><span class='ocrx_word' id='word_1_12' title='bbox 340 1015 374 1075; x_wconf 89' lang='lat' dir='ltr'>S.</span> <span class='ocrx_word' id='word_1_13' title='bbox 400 1015 433 1073; x_wconf 91' lang='lat' dir='ltr'>P.</span> <span class='ocrx_word' id='word_1_14' title='bbox 458 1014 496 1073; x_wconf 88' lang='lat' dir='ltr'>D.</span> <span class='ocrx_word' id='word_1_15' title='bbox 521 1011 699 1116; x_wconf 78' lang='lat' dir='ltr'>bichardus</span> <span class='ocrx_word' id='word_1_16' title='bbox 720 1012 895 1075; x_wconf 89' lang='lat' dir='ltr'>Bentleius.</span> 
     </span>
    </p>
   </div>
   <div class='ocr_carea' id='block_1_4' title="bbox 47 1168 1274 4248">
    <p class='ocr_par' dir='ltr' id='par_1_4' title="bbox 114 1168 1216 1251">
     <span class='ocr_line' id='line_1_5' title="bbox 114 1168 1216 1251; baseline 0.003 -21"><span class='ocrx_word' id='word_1_17' title='bbox 114 1169 174 1231; x_wconf 89' lang='lat' dir='ltr'>lam</span> <span class='ocrx_word' id='word_1_18' title='bbox 195 1168 253 1232; x_wconf 89' lang='lat' dir='ltr'>diu</span> <span class='ocrx_word' id='word_1_19' title='bbox 276 1179 335 1248; x_wconf 89' lang='lat' dir='ltr'>est,</span> <span class='ocrx_word' id='word_1_20' title='bbox 361 1169 412 1230; x_wconf 88' lang='lat' dir='ltr'>vir</span> <span class='ocrx_word' id='word_1_21' title='bbox 433 1169 636 1248; x_wconf 82' lang='lat' dir='ltr'>amicissime,</span> <span class='ocrx_word' id='word_1_22' title='bbox 662 1187 734 1230; x_wconf 88' lang='lat' dir='ltr'>oum</span> <span class='ocrx_word' id='word_1_23' title='bbox 756 1169 880 1231; x_wconf 81' lang='lat' dir='ltr'><strong>litteras</strong></span> <span class='ocrx_word' id='word_1_24' title='bbox 894 1187 913 1230; x_wconf 90' lang='lat' dir='ltr'>a</span> <span class='ocrx_word' id='word_1_25' title='bbox 929 1178 959 1231; x_wconf 92' lang='lat' dir='ltr'>te</span> <span class='ocrx_word' id='word_1_26' title='bbox 980 1172 1159 1251; x_wconf 86' lang='lat' dir='ltr'>acceperim</span> <span class='ocrx_word' id='word_1_27' title='bbox 1175 1171 1216 1233; x_wconf 85' lang='lat' dir='ltr'>do</span> 
     </span>
    </p>

    <p class='ocr_par' dir='ltr' id='par_1_5' title="bbox 47 1270 1274 3920">
     <span class='ocr_line' id='line_1_6' title="bbox 51 1270 1216 1355; baseline 0.003 -23"><span class='ocrx_word' id='word_1_28' title='bbox 51 1271 165 1335; x_wconf 74' lang='lat' dir='ltr'>editione</span> <span class='ocrx_word' id='word_1_29' title='bbox 193 1291 327 1353; x_wconf 84' lang='lat' dir='ltr'>operum</span> <span class='ocrx_word' id='word_1_30' title='bbox 351 1272 434 1334; x_wconf 89' lang='lat' dir='ltr'>Petri</span> <span class='ocrx_word' id='word_1_31' title='bbox 458 1270 499 1334; x_wconf 93' lang='lat' dir='ltr'>de</span> <span class='ocrx_word' id='word_1_32' title='bbox 520 1271 648 1350; x_wconf 83' lang='lat' dir='ltr'>Vincis,</span> <span class='ocrx_word' id='word_1_33' title='bbox 678 1290 772 1352; x_wconf 91' lang='lat' dir='ltr'>quam</span> <span class='ocrx_word' id='word_1_34' title='bbox 796 1272 974 1335; x_wconf 86' lang='lat' dir='ltr'>Germanus</span> <span class='ocrx_word' id='word_1_35' title='bbox 996 1273 1125 1355; x_wconf 89' lang='lat' dir='ltr'>quidam</span> <span class='ocrx_word' id='word_1_36' title='bbox 1149 1284 1216 1337; x_wconf 89' lang='lat' dir='ltr'>tum</span> 
     </span>
     <span class='ocr_line' id='line_1_7' title="bbox 51 1369 1218 1458; baseline 0.003 -22"><span class='ocrx_word' id='word_1_37' title='bbox 51 1376 199 1438; x_wconf 78' lang='lat' dir='ltr'><strong>moliretur.</strong></span> <span class='ocrx_word' id='word_1_38' title='bbox 245 1373 296 1438; x_wconf 79' lang='lat' dir='ltr'>Ad</span> <span class='ocrx_word' id='word_1_39' title='bbox 326 1395 381 1438; x_wconf 88' lang='lat' dir='ltr'>eas</span> <span class='ocrx_word' id='word_1_40' title='bbox 409 1394 467 1456; x_wconf 87' lang='lat' dir='ltr'>ago</span> <span class='ocrx_word' id='word_1_41' title='bbox 497 1369 682 1458; x_wconf 68' lang='lat' dir='ltr'>respondi*)</span> <span class='ocrx_word' id='word_1_42' title='bbox 718 1393 767 1437; x_wconf 91' lang='lat' dir='ltr'>rna</span> <span class='ocrx_word' id='word_1_43' title='bbox 796 1395 856 1456; x_wconf 89' lang='lat' dir='ltr'>per</span> <span class='ocrx_word' id='word_1_44' title='bbox 879 1374 1021 1438; x_wconf 88' lang='lat' dir='ltr'>homines</span> <span class='ocrx_word' id='word_1_45' title='bbox 1045 1379 1164 1458; x_wconf 86' lang='lat' dir='ltr'>peritos</span> <span class='ocrx_word' id='word_1_46' title='bbox 1187 1387 1218 1439; x_wconf 90' lang='lat' dir='ltr'>et</span> 
     </span>
     <span class='ocr_line' id='line_1_8' title="bbox 51 1477 1216 1560; baseline 0.003 -21"><span class='ocrx_word' id='word_1_47' title='bbox 51 1478 138 1540; x_wconf 88' lang='lat' dir='ltr'>ddelcs</span> <span class='ocrx_word' id='word_1_48' title='bbox 165 1477 325 1560; x_wconf 83' lang='lat' dir='ltr'>quidquid</span> <span class='ocrx_word' id='word_1_49' title='bbox 356 1479 388 1540; x_wconf 93' lang='lat' dir='ltr'>in</span> <span class='ocrx_word' id='word_1_50' title='bbox 412 1477 615 1540; x_wconf 78' lang='lat' dir='ltr'>bibliothecis</span> <span class='ocrx_word' id='word_1_51' title='bbox 637 1480 754 1541; x_wconf 89' lang='lat' dir='ltr'>uostris</span> <span class='ocrx_word' id='word_1_52' title='bbox 777 1479 859 1541; x_wconf 88' lang='lat' dir='ltr'>Petri</span> <span class='ocrx_word' id='word_1_53' title='bbox 883 1479 968 1542; x_wconf 88' lang='lat' dir='ltr'>iilius</span> <span class='ocrx_word' id='word_1_54' title='bbox 992 1479 1138 1542; x_wconf 81' lang='lat' dir='ltr'>exstabat</span> <span class='ocrx_word' id='word_1_55' title='bbox 1159 1500 1216 1542; x_wconf 84' lang='lat' dir='ltr'>ex-</span> 
     </span>
     <span class='ocr_line' id='line_1_9' title="bbox 50 1581 1217 1664; baseline 0.004 -22"><span class='ocrx_word' id='word_1_56' title='bbox 50 1584 160 1645; x_wconf 83' lang='lat' dir='ltr'>cussisse</span> <span class='ocrx_word' id='word_1_57' title='bbox 180 1583 328 1663; x_wconf 72' lang='lat' dir='ltr'>nihilque</span> <span class='ocrx_word' id='word_1_58' title='bbox 351 1581 396 1644; x_wconf 94' lang='lat' dir='ltr'>ibi</span> <span class='ocrx_word' id='word_1_59' title='bbox 421 1582 581 1663; x_wconf 90' lang='lat' dir='ltr'>reperisse</span> <span class='ocrx_word' id='word_1_60' title='bbox 604 1591 732 1662; x_wconf 89' lang='lat' dir='ltr'>praeter</span> <span class='ocrx_word' id='word_1_61' title='bbox 755 1583 866 1645; x_wconf 88' lang='lat' dir='ltr'>inanes</span> <span class='ocrx_word' id='word_1_62' title='bbox 880 1583 1000 1664; x_wconf 79' lang='lat' dir='ltr'>aliquot</span> <span class='ocrx_word' id='word_1_63' title='bbox 1018 1583 1169 1646; x_wconf 78' lang='lat' dir='ltr'>formulas</span> <span class='ocrx_word' id='word_1_64' title='bbox 1185 1593 1217 1647; x_wconf 89' lang='lat' dir='ltr'>at</span> 
     </span>
     <span class='ocr_line' id='line_1_10' title="bbox 52 1684 1215 1768; baseline 0.003 -22"><span class='ocrx_word' id='word_1_65' title='bbox 52 1704 79 1746; x_wconf 84' lang='lat' dir='ltr'>ex</span> <span class='ocrx_word' id='word_1_66' title='bbox 95 1685 181 1749; x_wconf 86' lang='lat' dir='ltr'>aditis</span> <span class='ocrx_word' id='word_1_67' title='bbox 196 1687 268 1749; x_wconf 90' lang='lat' dir='ltr'>eius</span> <span class='ocrx_word' id='word_1_68' title='bbox 283 1685 375 1748; x_wconf 88' lang='lat' dir='ltr'>libris</span> <span class='ocrx_word' id='word_1_69' title='bbox 391 1695 553 1766; x_wconf 84' lang='lat' dir='ltr'>excerpta,</span> <span class='ocrx_word' id='word_1_70' title='bbox 578 1684 792 1766; x_wconf 83' lang='lat' dir='ltr'>descriptione</span> <span class='ocrx_word' id='word_1_71' title='bbox 808 1704 939 1765; x_wconf 88' lang='lat' dir='ltr'>prorsus</span> <span class='ocrx_word' id='word_1_72' title='bbox 955 1687 1096 1768; x_wconf 88' lang='lat' dir='ltr'>indigna.</span> <span class='ocrx_word' id='word_1_73' title='bbox 1137 1686 1215 1750; x_wconf 89' lang='lat' dir='ltr'>suh-</span> 
     </span>
     <span class='ocr_line' id='line_1_11' title="bbox 53 1787 1214 1870; baseline 0.006 -23"><span class='ocrx_word' id='word_1_74' title='bbox 53 1788 120 1850; x_wconf 81' lang='lat' dir='ltr'>iuuri</span> <span class='ocrx_word' id='word_1_75' title='bbox 150 1789 182 1851; x_wconf 93' lang='lat' dir='ltr'>in</span> <span class='ocrx_word' id='word_1_76' title='bbox 217 1790 281 1852; x_wconf 94' lang='lat' dir='ltr'>illis</span> <span class='ocrx_word' id='word_1_77' title='bbox 313 1789 428 1852; x_wconf 90' lang='lat' dir='ltr'>litteris</span> <span class='ocrx_word' id='word_1_78' title='bbox 460 1787 700 1852; x_wconf 84' lang='lat' dir='ltr'>emendationes</span> <span class='ocrx_word' id='word_1_79' title='bbox 734 1789 963 1870; x_wconf 88' lang='lat' dir='ltr'>complusculas</span> <span class='ocrx_word' id='word_1_80' title='bbox 992 1792 1025 1852; x_wconf 93' lang='lat' dir='ltr'>in</span> <span class='ocrx_word' id='word_1_81' title='bbox 1055 1810 1079 1852; x_wconf 90' lang='lat' dir='ltr'>u</span> <span class='ocrx_word' id='word_1_82' title='bbox 1108 1790 1214 1854; x_wconf 87' lang='lat' dir='ltr'>Ovidii</span> 
     </span>
     <span class='ocr_line' id='line_1_12' title="bbox 53 1892 1216 1982; baseline 0.005 -31"><span class='ocrx_word' id='word_1_83' title='bbox 53 1893 173 1955; x_wconf 79' lang='lat' dir='ltr'>Trinium</span> <span class='ocrx_word' id='word_1_84' title='bbox 202 1893 333 1955; x_wconf 89' lang='lat' dir='ltr'>librum.</span> <span class='ocrx_word' id='word_1_85' title='bbox 381 1912 435 1956; x_wconf 89' lang='lat' dir='ltr'>eas</span> <span class='ocrx_word' id='word_1_86' title='bbox 466 1911 522 1974; x_wconf 89' lang='lat' dir='ltr'>ego</span> <span class='ocrx_word' id='word_1_87' title='bbox 550 1892 657 1955; x_wconf 91' lang='lat' dir='ltr'>nescio</span> <span class='ocrx_word' id='word_1_88' title='bbox 680 1911 720 1954; x_wconf 92' lang='lat' dir='ltr'>au</span> <span class='ocrx_word' id='word_1_89' title='bbox 743 1895 906 1982; x_wconf 87' lang='lat' dir='ltr'>acceperis</span> <span class='ocrx_word' id='word_1_90' title='bbox 928 1912 1048 1973; x_wconf 88' lang='lat' dir='ltr'>necne,</span> <span class='ocrx_word' id='word_1_91' title='bbox 1081 1914 1152 1957; x_wconf 92' lang='lat' dir='ltr'>cum</span> <span class='ocrx_word' id='word_1_92' title='bbox 1175 1915 1216 1957; x_wconf 86' lang='lat' dir='ltr'>ex</span> 
     </span>
     <span class='ocr_line' id='line_1_13' title="bbox 54 1996 1216 2078; baseline 0.005 -24"><span class='ocrx_word' id='word_1_93' title='bbox 54 2015 79 2054; x_wconf 86' lang='lat' dir='ltr'>eo</span> <span class='ocrx_word' id='word_1_94' title='bbox 94 2007 224 2078; x_wconf 83' lang='lat' dir='ltr'>tempora</span> <span class='ocrx_word' id='word_1_95' title='bbox 247 1997 327 2058; x_wconf 90' lang='lat' dir='ltr'>nihil</span> <span class='ocrx_word' id='word_1_96' title='bbox 351 2009 482 2077; x_wconf 83' lang='lat' dir='ltr'>prorsus</span> <span class='ocrx_word' id='word_1_97' title='bbox 504 2015 521 2058; x_wconf 91' lang='lat' dir='ltr'>a</span> <span class='ocrx_word' id='word_1_98' title='bbox 544 2005 576 2058; x_wconf 88' lang='lat' dir='ltr'>te</span> <span class='ocrx_word' id='word_1_99' title='bbox 599 1996 788 2059; x_wconf 82' lang='lat' dir='ltr'>audiverim.</span> <span class='ocrx_word' id='word_1_100' title='bbox 828 1996 908 2078; x_wconf 88' lang='lat' dir='ltr'>quid</span> <span class='ocrx_word' id='word_1_101' title='bbox 923 2015 1009 2060; x_wconf 90' lang='lat' dir='ltr'>nunc</span> <span class='ocrx_word' id='word_1_102' title='bbox 1025 1996 1216 2061; x_wconf 81' lang='lat' dir='ltr'>elucubrasl</span> 
     </span>
     <span class='ocr_line' id='line_1_14' title="bbox 57 2089 1215 2182; baseline 0.006 -26"><span class='ocrx_word' id='word_1_103' title='bbox 57 2105 80 2156; x_wconf 88' lang='lat' dir='ltr'>ut</span> <span class='ocrx_word' id='word_1_104' title='bbox 102 2101 174 2161; x_wconf 84' lang='lat' dir='ltr'>ralet</span> <span class='ocrx_word' id='word_1_105' title='bbox 202 2101 283 2162; x_wconf 88' lang='lat' dir='ltr'>Naso</span> <span class='ocrx_word' id='word_1_106' title='bbox 310 2103 407 2162; x_wconf 84' lang='lat' dir='ltr'>tuus‘l</span> <span class='ocrx_word' id='word_1_107' title='bbox 440 2109 475 2162; x_wconf 88' lang='lat' dir='ltr'>ut</span> <span class='ocrx_word' id='word_1_108' title='bbox 503 2110 708 2181; x_wconf 88' lang='lat' dir='ltr'>promovetur</span> <span class='ocrx_word' id='word_1_109' title='bbox 735 2100 855 2163; x_wconf 79' lang='lat' dir='ltr'>editio‘l</span> <span class='ocrx_word' id='word_1_110' title='bbox 888 2101 914 2162; x_wconf 94' lang='lat' dir='ltr'>si</span> <span class='ocrx_word' id='word_1_111' title='bbox 946 2100 1025 2182; x_wconf 91' lang='lat' dir='ltr'>quid</span> <span class='ocrx_word' id='word_1_112' title='bbox 1053 2120 1110 2182; x_wconf 91' lang='lat' dir='ltr'>ego</span> <span class='ocrx_word' id='word_1_113' title='bbox 1140 2089 1215 2182; x_wconf 85' lang='lat' dir='ltr'>ipse¹</span> 
     </span>
     <span class='ocr_line' id='line_1_15' title="bbox 57 2197 1274 2287; baseline 0.006 -26"><span class='ocrx_word' id='word_1_114' title='bbox 57 2197 135 2264; x_wconf 85' lang='lat' dir='ltr'>bolam</span> <span class='ocrx_word' id='word_1_115' title='bbox 157 2205 306 2284; x_wconf 87' lang='lat' dir='ltr'>quaeris:</span> <span class='ocrx_word' id='word_1_116' title='bbox 341 2205 500 2265; x_wconf 88' lang='lat' dir='ltr'>Lucanum</span> <span class='ocrx_word' id='word_1_117' title='bbox 523 2203 584 2264; x_wconf 89' lang='lat' dir='ltr'>iam</span> <span class='ocrx_word' id='word_1_118' title='bbox 607 2222 625 2264; x_wconf 93' lang='lat' dir='ltr'>a</span> <span class='ocrx_word' id='word_1_119' title='bbox 648 2223 758 2265; x_wconf 88' lang='lat' dir='ltr'>mense</span> <span class='ocrx_word' id='word_1_120' title='bbox 781 2204 815 2264; x_wconf 88' lang='lat' dir='ltr'>in</span> <span class='ocrx_word' id='word_1_121' title='bbox 838 2202 986 2266; x_wconf 89' lang='lat' dir='ltr'>manibus</span> <span class='ocrx_word' id='word_1_122' title='bbox 1008 2203 1127 2284; x_wconf 89' lang='lat' dir='ltr'>haheo,</span> <span class='ocrx_word' id='word_1_123' title='bbox 1159 2205 1274 2287; x_wconf 78' lang='lat' dir='ltr'>quitor</span> 
     </span>
     <span class='ocr_line' id='line_1_16' title="bbox 52 2305 1217 2387; baseline 0.003 -22"><span class='ocrx_word' id='word_1_124' title='bbox 52 2315 179 2386; x_wconf 80' lang='lat' dir='ltr'>sequente</span> <span class='ocrx_word' id='word_1_125' title='bbox 211 2307 319 2368; x_wconf 88' lang='lat' dir='ltr'>hieme</span> <span class='ocrx_word' id='word_1_126' title='bbox 346 2305 489 2387; x_wconf 82' lang='lat' dir='ltr'>prodibit</span> <span class='ocrx_word' id='word_1_127' title='bbox 516 2307 549 2367; x_wconf 93' lang='lat' dir='ltr'>in</span> <span class='ocrx_word' id='word_1_128' title='bbox 572 2305 748 2387; x_wconf 89' lang='lat' dir='ltr'>publicum.</span> <span class='ocrx_word' id='word_1_129' title='bbox 797 2307 928 2368; x_wconf 90' lang='lat' dir='ltr'>etmihi</span> <span class='ocrx_word' id='word_1_130' title='bbox 951 2307 1082 2387; x_wconf 91' lang='lat' dir='ltr'>quidem</span> <span class='ocrx_word' id='word_1_131' title='bbox 1104 2306 1217 2370; x_wconf 87' lang='lat' dir='ltr'>videor</span> 
     </span>
     <span class='ocr_line' id='line_1_17' title="bbox 50 2409 1216 2492; baseline 0.009 -28"><span class='ocrx_word' id='word_1_132' title='bbox 50 2426 93 2486; x_wconf 87' lang='lat' dir='ltr'>cpe</span> <span class='ocrx_word' id='word_1_133' title='bbox 116 2429 169 2472; x_wconf 86' lang='lat' dir='ltr'>sex</span> <span class='ocrx_word' id='word_1_134' title='bbox 198 2429 274 2472; x_wconf 88' lang='lat' dir='ltr'>mss.</span> <span class='ocrx_word' id='word_1_135' title='bbox 301 2411 356 2490; x_wconf 88' lang='lat' dir='ltr'>qui</span> <span class='ocrx_word' id='word_1_136' title='bbox 385 2409 437 2472; x_wconf 92' lang='lat' dir='ltr'>hic</span> <span class='ocrx_word' id='word_1_137' title='bbox 465 2419 539 2472; x_wconf 90' lang='lat' dir='ltr'>sunt</span> <span class='ocrx_word' id='word_1_138' title='bbox 563 2419 595 2472; x_wconf 86' lang='lat' dir='ltr'>et</span> <span class='ocrx_word' id='word_1_139' title='bbox 618 2428 680 2472; x_wconf 89' lang='lat' dir='ltr'>non</span> <span class='ocrx_word' id='word_1_140' title='bbox 710 2409 892 2472; x_wconf 76' lang='lat' dir='ltr'>infelicibus</span> <span class='ocrx_word' id='word_1_141' title='bbox 920 2412 1110 2474; x_wconf 87' lang='lat' dir='ltr'>coniecturis</span> <span class='ocrx_word' id='word_1_142' title='bbox 1132 2431 1216 2492; x_wconf 88' lang='lat' dir='ltr'>pene</span> 
     </span>
     <span class='ocr_line' id='line_1_18' title="bbox 49 2509 1217 2594; baseline 0.006 -24"><span class='ocrx_word' id='word_1_143' title='bbox 49 2511 115 2573; x_wconf 87' lang='lat' dir='ltr'>nilla</span> <span class='ocrx_word' id='word_1_144' title='bbox 142 2511 274 2575; x_wconf 89' lang='lat' dir='ltr'>mendas</span> <span class='ocrx_word' id='word_1_145' title='bbox 296 2513 476 2592; x_wconf 89' lang='lat' dir='ltr'>sustulisse,</span> <span class='ocrx_word' id='word_1_146' title='bbox 502 2531 583 2594; x_wconf 91' lang='lat' dir='ltr'>quae</span> <span class='ocrx_word' id='word_1_147' title='bbox 607 2511 764 2576; x_wconf 90' lang='lat' dir='ltr'>editiones</span> <span class='ocrx_word' id='word_1_148' title='bbox 786 2514 892 2594; x_wconf 88' lang='lat' dir='ltr'>magni</span> <span class='ocrx_word' id='word_1_149' title='bbox 916 2509 1015 2574; x_wconf 89' lang='lat' dir='ltr'>Grotii</span> <span class='ocrx_word' id='word_1_150' title='bbox 1039 2532 1217 2578; x_wconf 89' lang='lat' dir='ltr'>commacu-</span> 
     </span>
     <span class='ocr_line' id='line_1_19' title="bbox 49 2611 1216 2698; baseline 0.006 -25"><span class='ocrx_word' id='word_1_151' title='bbox 49 2611 144 2678; x_wconf 83' lang='lat' dir='ltr'>labant.</span> <span class='ocrx_word' id='word_1_152' title='bbox 190 2636 262 2679; x_wconf 90' lang='lat' dir='ltr'>cum</span> <span class='ocrx_word' id='word_1_153' title='bbox 286 2625 391 2678; x_wconf 90' lang='lat' dir='ltr'>autem</span> <span class='ocrx_word' id='word_1_154' title='bbox 408 2615 625 2678; x_wconf 89' lang='lat' dir='ltr'>nobilissimus</span> <span class='ocrx_word' id='word_1_155' title='bbox 640 2617 677 2678; x_wconf 93' lang='lat' dir='ltr'>N.</span> <span class='ocrx_word' id='word_1_156' title='bbox 696 2617 844 2679; x_wconf 89' lang='lat' dir='ltr'>lleinsius</span> <span class='ocrx_word' id='word_1_157' title='bbox 859 2617 976 2698; x_wconf 89' lang='lat' dir='ltr'>passim</span> <span class='ocrx_word' id='word_1_158' title='bbox 992 2617 1025 2678; x_wconf 89' lang='lat' dir='ltr'>in</span> <span class='ocrx_word' id='word_1_159' title='bbox 1042 2619 1108 2679; x_wconf 88' lang='lat' dir='ltr'>suis</span> <span class='ocrx_word' id='word_1_160' title='bbox 1124 2617 1216 2681; x_wconf 86' lang='lat' dir='ltr'>libris</span> 
     </span>
     <span class='ocr_line' id='line_1_20' title="bbox 47 2717 1217 2801; baseline 0.007 -25"><span class='ocrx_word' id='word_1_161' title='bbox 47 2717 140 2781; x_wconf 90' lang='lat' dir='ltr'>lucani</span> <span class='ocrx_word' id='word_1_162' title='bbox 169 2718 296 2782; x_wconf 88' lang='lat' dir='ltr'>codices</span> <span class='ocrx_word' id='word_1_163' title='bbox 323 2737 401 2781; x_wconf 88' lang='lat' dir='ltr'>mss.</span> <span class='ocrx_word' id='word_1_164' title='bbox 425 2717 467 2782; x_wconf 94' lang='lat' dir='ltr'>ad</span> <span class='ocrx_word' id='word_1_165' title='bbox 495 2729 604 2801; x_wconf 88' lang='lat' dir='ltr'>partes</span> <span class='ocrx_word' id='word_1_166' title='bbox 633 2728 724 2781; x_wconf 90' lang='lat' dir='ltr'>vocet</span> <span class='ocrx_word' id='word_1_167' title='bbox 754 2728 784 2782; x_wconf 89' lang='lat' dir='ltr'>et</span> <span class='ocrx_word' id='word_1_168' title='bbox 807 2739 847 2782; x_wconf 86' lang='lat' dir='ltr'>cx</span> <span class='ocrx_word' id='word_1_169' title='bbox 877 2717 1050 2782; x_wconf 85' lang='lat' dir='ltr'>doctissimi</span> <span class='ocrx_word' id='word_1_170' title='bbox 1072 2721 1217 2784; x_wconf 81' lang='lat' dir='ltr'>Draken-</span> 
     </span>
     <span class='ocr_line' id='line_1_21' title="bbox 47 2817 1216 2904; baseline 0.007 -25"><span class='ocrx_word' id='word_1_171' title='bbox 47 2817 128 2903; x_wconf 89' lang='lat' dir='ltr'>hcrgii</span> <span class='ocrx_word' id='word_1_172' title='bbox 153 2823 230 2886; x_wconf 90' lang='lat' dir='ltr'>Silio</span> <span class='ocrx_word' id='word_1_173' title='bbox 259 2821 435 2903; x_wconf 81' lang='lat' dir='ltr'>intelligam</span> <span class='ocrx_word' id='word_1_174' title='bbox 462 2831 495 2885; x_wconf 94' lang='lat' dir='ltr'>te</span> <span class='ocrx_word' id='word_1_175' title='bbox 518 2823 622 2885; x_wconf 86' lang='lat' dir='ltr'>varias</span> <span class='ocrx_word' id='word_1_176' title='bbox 650 2823 764 2904; x_wconf 89' lang='lat' dir='ltr'>viginti</span> <span class='ocrx_word' id='word_1_177' title='bbox 794 2821 861 2886; x_wconf 83' lang='lat' dir='ltr'>lare</span> <span class='ocrx_word' id='word_1_178' title='bbox 892 2822 1036 2885; x_wconf 87' lang='lat' dir='ltr'>codicum</span> <span class='ocrx_word' id='word_1_179' title='bbox 1066 2825 1216 2887; x_wconf 89' lang='lat' dir='ltr'>lectiones</span> 
     </span>
     <span class='ocr_line' id='line_1_22' title="bbox 47 2924 1217 3007; baseline 0.006 -25"><span class='ocrx_word' id='word_1_180' title='bbox 47 2941 122 2987; x_wconf 85' lang='lat' dir='ltr'>nanu</span> <span class='ocrx_word' id='word_1_181' title='bbox 142 2925 263 2988; x_wconf 90' lang='lat' dir='ltr'>lleinsii</span> <span class='ocrx_word' id='word_1_182' title='bbox 292 2924 471 3006; x_wconf 90' lang='lat' dir='ltr'>descriptas</span> <span class='ocrx_word' id='word_1_183' title='bbox 499 2935 626 3006; x_wconf 89' lang='lat' dir='ltr'>praesto</span> <span class='ocrx_word' id='word_1_184' title='bbox 649 2925 786 3006; x_wconf 84' lang='lat' dir='ltr'>habere,</span> <span class='ocrx_word' id='word_1_185' title='bbox 818 2945 883 2988; x_wconf 90' lang='lat' dir='ltr'>non</span> <span class='ocrx_word' id='word_1_186' title='bbox 905 2944 1033 3007; x_wconf 90' lang='lat' dir='ltr'>possum</span> <span class='ocrx_word' id='word_1_187' title='bbox 1055 2945 1120 2989; x_wconf 91' lang='lat' dir='ltr'>non</span> <span class='ocrx_word' id='word_1_188' title='bbox 1143 2947 1160 2989; x_wconf 92' lang='lat' dir='ltr'>a</span> <span class='ocrx_word' id='word_1_189' title='bbox 1184 2937 1217 2990; x_wconf 90' lang='lat' dir='ltr'>te</span> 
     </span>
     <span class='ocr_line' id='line_1_23' title="bbox 47 3027 1215 3112; baseline 0.009 -29"><span class='ocrx_word' id='word_1_190' title='bbox 47 3027 232 3091; x_wconf 78' lang='lat' dir='ltr'>vehementer</span> <span class='ocrx_word' id='word_1_191' title='bbox 251 3039 402 3110; x_wconf 80' lang='lat' dir='ltr'>expetere</span> <span class='ocrx_word' id='word_1_192' title='bbox 425 3037 460 3091; x_wconf 88' lang='lat' dir='ltr'>ut</span> <span class='ocrx_word' id='word_1_193' title='bbox 483 3027 568 3111; x_wconf 90' lang='lat' dir='ltr'>quod</span> <span class='ocrx_word' id='word_1_194' title='bbox 589 3030 624 3090; x_wconf 91' lang='lat' dir='ltr'>in</span> <span class='ocrx_word' id='word_1_195' title='bbox 646 3029 878 3110; x_wconf 84' lang='lat' dir='ltr'>Drakenborgii</span> <span class='ocrx_word' id='word_1_196' title='bbox 902 3031 1034 3112; x_wconf 80' lang='lat' dir='ltr'>gratiam</span> <span class='ocrx_word' id='word_1_197' title='bbox 1057 3030 1158 3092; x_wconf 86' lang='lat' dir='ltr'>iecisti</span> <span class='ocrx_word' id='word_1_198' title='bbox 1182 3033 1215 3093; x_wconf 91' lang='lat' dir='ltr'>in</span> 
     </span>
     <span class='ocr_line' id='line_1_24' title="bbox 47 3131 1213 3215; baseline 0.006 -26"><span class='ocrx_word' id='word_1_199' title='bbox 47 3149 129 3192; x_wconf 87' lang='lat' dir='ltr'>neam</span> <span class='ocrx_word' id='word_1_200' title='bbox 155 3151 282 3214; x_wconf 83' lang='lat' dir='ltr'>quoque</span> <span class='ocrx_word' id='word_1_201' title='bbox 314 3131 408 3194; x_wconf 88' lang='lat' dir='ltr'>iacias</span> <span class='ocrx_word' id='word_1_202' title='bbox 438 3142 471 3193; x_wconf 89' lang='lat' dir='ltr'>et</span> <span class='ocrx_word' id='word_1_203' title='bbox 498 3131 540 3194; x_wconf 92' lang='lat' dir='ltr'>ad</span> <span class='ocrx_word' id='word_1_204' title='bbox 568 3152 618 3194; x_wconf 93' lang='lat' dir='ltr'>me</span> <span class='ocrx_word' id='word_1_205' title='bbox 642 3151 714 3194; x_wconf 90' lang='lat' dir='ltr'>eum</span> <span class='ocrx_word' id='word_1_206' title='bbox 738 3131 857 3195; x_wconf 88' lang='lat' dir='ltr'>librum</span> <span class='ocrx_word' id='word_1_207' title='bbox 879 3131 1073 3195; x_wconf 87' lang='lat' dir='ltr'>commodato</span> <span class='ocrx_word' id='word_1_208' title='bbox 1096 3135 1213 3215; x_wconf 83' lang='lat' dir='ltr'>mittas,</span> 
     </span>
     <span class='ocr_line' id='line_1_25' title="bbox 47 3231 1217 3316; baseline 0.008 -24"><span class='ocrx_word' id='word_1_209' title='bbox 47 3231 178 3316; x_wconf 81' lang='lat' dir='ltr'>fideliter,</span> <span class='ocrx_word' id='word_1_210' title='bbox 213 3233 270 3298; x_wconf 92' lang='lat' dir='ltr'>ubi</span> <span class='ocrx_word' id='word_1_211' title='bbox 301 3254 379 3298; x_wconf 91' lang='lat' dir='ltr'>usus</span> <span class='ocrx_word' id='word_1_212' title='bbox 408 3232 514 3314; x_wconf 86' lang='lat' dir='ltr'>luero,</span> <span class='ocrx_word' id='word_1_213' title='bbox 546 3235 604 3297; x_wconf 93' lang='lat' dir='ltr'>tihi</span> <span class='ocrx_word' id='word_1_214' title='bbox 635 3234 879 3298; x_wconf 89' lang='lat' dir='ltr'>restituendum.</span> <span class='ocrx_word' id='word_1_215' title='bbox 927 3255 1013 3300; x_wconf 92' lang='lat' dir='ltr'>nunc</span> <span class='ocrx_word' id='word_1_216' title='bbox 1039 3238 1071 3298; x_wconf 93' lang='lat' dir='ltr'>in</span> <span class='ocrx_word' id='word_1_217' title='bbox 1100 3238 1217 3301; x_wconf 90' lang='lat' dir='ltr'>notulis</span> 
     </span>
     <span class='ocr_line' id='line_1_26' title="bbox 47 3337 1215 3422; baseline 0.006 -27"><span class='ocrx_word' id='word_1_218' title='bbox 47 3340 109 3398; x_wconf 88' lang='lat' dir='ltr'>ueis</span> <span class='ocrx_word' id='word_1_219' title='bbox 139 3340 333 3422; x_wconf 78' lang='lat' dir='ltr'>typographo</span> <span class='ocrx_word' id='word_1_220' title='bbox 367 3337 590 3400; x_wconf 88' lang='lat' dir='ltr'>descrihendis</span> <span class='ocrx_word' id='word_1_221' title='bbox 624 3357 694 3400; x_wconf 92' lang='lat' dir='ltr'>cum</span> <span class='ocrx_word' id='word_1_222' title='bbox 730 3340 866 3401; x_wconf 86' lang='lat' dir='ltr'>maxime</span> <span class='ocrx_word' id='word_1_223' title='bbox 901 3358 1025 3417; x_wconf 79' lang='lat' dir='ltr'>vars0r3</span> <span class='ocrx_word' id='word_1_224' title='bbox 1066 3339 1121 3402; x_wconf 91' lang='lat' dir='ltr'>ubi</span> <span class='ocrx_word' id='word_1_225' title='bbox 1157 3343 1215 3404; x_wconf 88' lang='lat' dir='ltr'>etsi</span> 
     </span>
     <span class='ocr_line' id='line_1_27' title="bbox 47 3439 1217 3526; baseline 0.007 -27"><span class='ocrx_word' id='word_1_226' title='bbox 47 3439 164 3504; x_wconf 79' lang='lat' dir='ltr'>lahorem</span> <span class='ocrx_word' id='word_1_227' title='bbox 193 3442 303 3504; x_wconf 86' lang='lat' dir='ltr'>brevis</span> <span class='ocrx_word' id='word_1_228' title='bbox 333 3461 422 3518; x_wconf 86' lang='lat' dir='ltr'>esse,</span> <span class='ocrx_word' id='word_1_229' title='bbox 455 3441 665 3505; x_wconf 86' lang='lat' dir='ltr'>ratiunculam</span> <span class='ocrx_word' id='word_1_230' title='bbox 691 3453 797 3504; x_wconf 87' lang='lat' dir='ltr'>tamen</span> <span class='ocrx_word' id='word_1_231' title='bbox 820 3444 959 3526; x_wconf 90' lang='lat' dir='ltr'>aliquam</span> <span class='ocrx_word' id='word_1_232' title='bbox 982 3444 1117 3524; x_wconf 88' lang='lat' dir='ltr'>singuiis</span> <span class='ocrx_word' id='word_1_233' title='bbox 1139 3444 1217 3507; x_wconf 88' lang='lat' dir='ltr'>suh-</span> 
     </span>
     <span class='ocr_line' id='line_1_28' title="bbox 47 3543 1213 3630; baseline 0.008 -28"><span class='ocrx_word' id='word_1_234' title='bbox 47 3543 159 3626; x_wconf 86' lang='lat' dir='ltr'>iungere</span> <span class='ocrx_word' id='word_1_235' title='bbox 185 3547 323 3628; x_wconf 86' lang='lat' dir='ltr'>placuit,</span> <span class='ocrx_word' id='word_1_236' title='bbox 355 3564 397 3608; x_wconf 88' lang='lat' dir='ltr'>ue</span> <span class='ocrx_word' id='word_1_237' title='bbox 419 3563 551 3626; x_wconf 85' lang='lat' dir='ltr'>prorsus</span> <span class='ocrx_word' id='word_1_238' title='bbox 574 3545 680 3608; x_wconf 91' lang='lat' dir='ltr'>nudae</span> <span class='ocrx_word' id='word_1_239' title='bbox 695 3548 922 3627; x_wconf 72' lang='lat' dir='ltr'>proficientur.</span> <span class='ocrx_word' id='word_1_240' title='bbox 970 3567 1067 3609; x_wconf 90' lang='lat' dir='ltr'>unam</span> <span class='ocrx_word' id='word_1_241' title='bbox 1090 3567 1130 3610; x_wconf 87' lang='lat' dir='ltr'>cx</span> <span class='ocrx_word' id='word_1_242' title='bbox 1153 3549 1213 3630; x_wconf 84' lang='lat' dir='ltr'>his,</span> 
     </span>
     <span class='ocr_line' id='line_1_29' title="bbox 47 3645 1217 3732; baseline 0.004 -24"><span class='ocrx_word' id='word_1_243' title='bbox 47 3665 124 3726; x_wconf 86' lang='lat' dir='ltr'>quam</span> <span class='ocrx_word' id='word_1_244' title='bbox 150 3651 217 3712; x_wconf 89' lang='lat' dir='ltr'>heri</span> <span class='ocrx_word' id='word_1_245' title='bbox 246 3649 423 3727; x_wconf 87' lang='lat' dir='ltr'>delineavi,</span> <span class='ocrx_word' id='word_1_246' title='bbox 458 3667 498 3710; x_wconf 83' lang='lat' dir='ltr'>ex</span> <span class='ocrx_word' id='word_1_247' title='bbox 527 3645 634 3710; x_wconf 87' lang='lat' dir='ltr'>libello</span> <span class='ocrx_word' id='word_1_248' title='bbox 663 3667 733 3714; x_wconf 87' lang='lat' dir='ltr'>meo</span> <span class='ocrx_word' id='word_1_249' title='bbox 764 3649 945 3714; x_wconf 86' lang='lat' dir='ltr'>describam</span> <span class='ocrx_word' id='word_1_250' title='bbox 973 3652 1083 3732; x_wconf 88' lang='lat' dir='ltr'>tuique</span> <span class='ocrx_word' id='word_1_251' title='bbox 1107 3651 1217 3714; x_wconf 90' lang='lat' dir='ltr'>iudicii</span> 
     </span>
     <span class='ocr_line' id='line_1_30' title="bbox 47 3747 1217 3836; baseline 0.008 -28"><span class='ocrx_word' id='word_1_252' title='bbox 47 3747 155 3832; x_wconf 81' lang='lat' dir='ltr'>leolam,</span> <span class='ocrx_word' id='word_1_253' title='bbox 182 3754 237 3835; x_wconf 90' lang='lat' dir='ltr'>qui</span> <span class='ocrx_word' id='word_1_254' title='bbox 264 3750 382 3836; x_wconf 79' lang='lat' dir='ltr'>(quial)</span> <span class='ocrx_word' id='word_1_255' title='bbox 410 3751 485 3814; x_wconf 91' lang='lat' dir='ltr'>solis</span> <span class='ocrx_word' id='word_1_256' title='bbox 507 3752 698 3814; x_wconf 87' lang='lat' dir='ltr'>coniecturis</span> <span class='ocrx_word' id='word_1_257' title='bbox 721 3773 773 3815; x_wconf 88' lang='lat' dir='ltr'>ras</span> <span class='ocrx_word' id='word_1_258' title='bbox 795 3755 918 3836; x_wconf 82' lang='lat' dir='ltr'>agitur,</span> <span class='ocrx_word' id='word_1_259' title='bbox 949 3755 1011 3816; x_wconf 92' lang='lat' dir='ltr'>nisi</span> <span class='ocrx_word' id='word_1_260' title='bbox 1035 3753 1114 3816; x_wconf 81' lang='lat' dir='ltr'>forte</span> <span class='ocrx_word' id='word_1_261' title='bbox 1138 3754 1217 3817; x_wconf 92' lang='lat' dir='ltr'>suh-</span> 
     </span>
     <span class='ocr_line' id='line_1_31' title="bbox 47 3855 1019 3920; baseline 0.001 -5"><span class='ocrx_word' id='word_1_262' title='bbox 47 3857 157 3918; x_wconf 77' lang='lat' dir='ltr'>veniant</span> <span class='ocrx_word' id='word_1_263' title='bbox 178 3856 329 3920; x_wconf 90' lang='lat' dir='ltr'>lectiones</span> <span class='ocrx_word' id='word_1_264' title='bbox 352 3855 553 3917; x_wconf 86' lang='lat' dir='ltr'>Heinsianae.</span> <span class='ocrx_word' id='word_1_265' title='bbox 601 3856 717 3918; x_wconf 90' lang='lat' dir='ltr'>Lucani</span> <span class='ocrx_word' id='word_1_266' title='bbox 741 3856 798 3918; x_wconf 90' lang='lat' dir='ltr'>lib.</span> <span class='ocrx_word' id='word_1_267' title='bbox 824 3876 845 3918; x_wconf 90' lang='lat' dir='ltr'>r.</span> <span class='ocrx_word' id='word_1_268' title='bbox 871 3877 918 3918; x_wconf 91' lang='lat' dir='ltr'>vs.</span> <span class='ocrx_word' id='word_1_269' title='bbox 948 3856 1019 3916; x_wconf 76' lang='lat' dir='ltr'>lhl.</span> 
     </span>
    </p>

    <p class='ocr_par' dir='ltr' id='par_1_6' title="bbox 181 3959 987 4042">
     <span class='ocr_line' id='line_1_32' title="bbox 181 3959 987 4042; baseline -0.002 -20"><span class='ocrx_word' id='word_1_270' title='bbox 181 3961 318 4038; x_wconf 80' lang='lat' dir='ltr'>Qotclt&#39;ter</span> <span class='ocrx_word' id='word_1_271' title='bbox 340 3976 523 4042; x_wconf 76' lang='lat' dir='ltr'>cmpressum</span> <span class='ocrx_word' id='word_1_272' title='bbox 546 3959 643 4022; x_wconf 79' lang='lat' dir='ltr'>ccctis</span> <span class='ocrx_word' id='word_1_273' title='bbox 663 3978 721 4041; x_wconf 87' lang='lat' dir='ltr'>per</span> <span class='ocrx_word' id='word_1_274' title='bbox 744 3959 851 4023; x_wconf 74' lang='lat' dir='ltr'>nocito</span> <span class='ocrx_word' id='word_1_275' title='bbox 869 3959 987 4042; x_wconf 79' lang='lat' dir='ltr'>fulcoec</span> 
     </span>
    </p>

    <p class='ocr_par' dir='ltr' id='par_1_7' title="bbox 180 4059 918 4146">
     <span class='ocr_line' id='line_1_33' title="bbox 180 4059 918 4146; baseline -0.003 -21"><span class='ocrx_word' id='word_1_276' title='bbox 180 4059 315 4126; x_wconf 81' lang='lat' dir='ltr'>Aetheris</span> <span class='ocrx_word' id='word_1_277' title='bbox 339 4061 464 4144; x_wconf 81' lang='lat' dir='ltr'>impulsi</span> <span class='ocrx_word' id='word_1_278' title='bbox 484 4063 587 4124; x_wconf 80' lang='lat' dir='ltr'>sonitu</span> <span class='ocrx_word' id='word_1_279' title='bbox 608 4062 772 4144; x_wconf 83' lang='lat' dir='ltr'>mundique</span> <span class='ocrx_word' id='word_1_280' title='bbox 790 4063 918 4146; x_wconf 76' lang='lat' dir='ltr'>srcporc</span> 
     </span>
    </p>

    <p class='ocr_par' dir='ltr' id='par_1_8' title="bbox 180 4163 941 4248">
     <span class='ocr_line' id='line_1_34' title="bbox 180 4163 941 4248; baseline -0.001 -19"><span class='ocrx_word' id='word_1_281' title='bbox 180 4167 307 4229; x_wconf 80' lang='lat' dir='ltr'>Emicuit</span> <span class='ocrx_word' id='word_1_282' title='bbox 329 4166 469 4248; x_wconf 77' lang='lat' dir='ltr'>rupitque</span> <span class='ocrx_word' id='word_1_283' title='bbox 491 4163 570 4226; x_wconf 83' lang='lat' dir='ltr'>diem</span> <span class='ocrx_word' id='word_1_284' title='bbox 591 4165 775 4247; x_wconf 76' lang='lat' dir='ltr'>populosque</span> <span class='ocrx_word' id='word_1_285' title='bbox 793 4173 941 4247; x_wconf 78' lang='lat' dir='ltr'>paventes</span> 
     </span>
    </p>
   </div>
   <div class='ocr_carea' id='block_1_5' title="bbox 47 4423 1220 4658">
    <p class='ocr_par' dir='ltr' id='par_1_9' title="bbox 47 4423 1220 4658">
     <span class='ocr_line' id='line_1_35' title="bbox 104 4423 1220 4490; baseline 0.001 -16"><span class='ocrx_word' id='word_1_286' title='bbox 104 4423 125 4485; x_wconf 75' lang='lat' dir='ltr'>*l</span> <span class='ocrx_word' id='word_1_287' title='bbox 145 4425 173 4474; x_wconf 79' lang='lat' dir='ltr'>la</span> <span class='ocrx_word' id='word_1_288' title='bbox 194 4428 275 4476; x_wconf 76' lang='lat' dir='ltr'>olnam</span> <span class='ocrx_word' id='word_1_289' title='bbox 297 4423 378 4488; x_wconf 68' lang='lat' dir='ltr'>haleso</span> <span class='ocrx_word' id='word_1_290' title='bbox 403 4425 450 4474; x_wconf 82' lang='lat' dir='ltr'>dar</span> <span class='ocrx_word' id='word_1_291' title='bbox 473 4425 541 4476; x_wconf 79' lang='lat' dir='ltr'>acolt</span> <span class='ocrx_word' id='word_1_292' title='bbox 559 4424 681 4488; x_wconf 67' lang='lat' dir='ltr'>Beatlms</span> <span class='ocrx_word' id='word_1_293' title='bbox 704 4425 897 4490; x_wconf 74' lang='lat' dir='ltr'>ucoollatdodlp</span> <span class='ocrx_word' id='word_1_294' title='bbox 920 4427 1078 4478; x_wconf 75' lang='lat' dir='ltr'>crhaltanam</span> <span class='ocrx_word' id='word_1_295' title='bbox 1102 4425 1220 4489; x_wconf 54' lang='grc' dir='ltr'>σπεακινγ</span> 
     </span>
     <span class='ocr_line' id='line_1_36' title="bbox 47 4509 1217 4578; baseline 0.004 -22"><span class='ocrx_word' id='word_1_296' title='bbox 47 4521 88 4556; x_wconf 76' lang='lat' dir='ltr'>coa</span> <span class='ocrx_word' id='word_1_297' title='bbox 108 4511 276 4561; x_wconf 79' lang='lat' dir='ltr'>wortaoortt</span> <span class='ocrx_word' id='word_1_298' title='bbox 293 4517 324 4569; x_wconf 80' lang='lat'>2,</span> <span class='ocrx_word' id='word_1_299' title='bbox 345 4514 395 4560; x_wconf 76' lang='lat' dir='ltr'>tat</span> <span class='ocrx_word' id='word_1_300' title='bbox 414 4511 621 4575; x_wconf 71' lang='lat' dir='ltr'>hcrcmpopchoc</span> <span class='ocrx_word' id='word_1_301' title='bbox 637 4511 671 4560; x_wconf 79' lang='lat' dir='ltr'>ist</span> <span class='ocrx_word' id='word_1_302' title='bbox 688 4509 743 4559; x_wconf 80' lang='lat' dir='ltr'>uod</span> <span class='ocrx_word' id='word_1_303' title='bbox 761 4509 911 4561; x_wconf 80' lang='lat' dir='ltr'>Burotcoos</span> <span class='ocrx_word' id='word_1_304' title='bbox 929 4512 998 4578; x_wconf 77' lang='lat' dir='ltr'>brios</span> <span class='ocrx_word' id='word_1_305' title='bbox 1011 4525 1070 4563; x_wconf 78' lang='lat' dir='ltr'>voto</span> <span class='ocrx_word' id='word_1_306' title='bbox 1089 4517 1140 4561; x_wconf 79' lang='lat' dir='ltr'>tto</span> <span class='ocrx_word' id='word_1_307' title='bbox 1156 4524 1217 4576; x_wconf 80' lang='lat' dir='ltr'>rep·</span> 
     </span>
     <span class='ocr_line' id='line_1_37' title="bbox 47 4595 799 4658; baseline 0.007 -17"><span class='ocrx_word' id='word_1_308' title='bbox 47 4595 131 4646; x_wconf 79' lang='lat' dir='ltr'>temtor</span> <span class='ocrx_word' id='word_1_309' title='bbox 149 4597 219 4658; x_wconf 75' lang='lat' dir='ltr'>ml,</span> <span class='ocrx_word' id='word_1_310' title='bbox 237 4596 275 4647; x_wconf 80' lang='lat' dir='ltr'>hei</span> <span class='ocrx_word' id='word_1_311' title='bbox 298 4595 477 4648; x_wconf 76' lang='lat' dir='ltr'>Wcroowcrtt</span> <span class='ocrx_word' id='word_1_312' title='bbox 494 4601 520 4656; x_wconf 80' lang='lat'>2,</span> <span class='ocrx_word' id='word_1_313' title='bbox 541 4599 601 4657; x_wconf 77' lang='lat' dir='ltr'>m,</span> <span class='ocrx_word' id='word_1_314' title='bbox 621 4597 799 4646; x_wconf 80' lang='lat' dir='ltr'>tocctwcrtet.</span> 
     </span>
    </p>
   </div>
   <div class='ocr_carea' id='block_1_6' title="bbox 0 0 1584 5132">
    <p class='ocr_par' dir='ltr' id='par_1_10' title="bbox 0 0 1584 5132">
     <span class='ocr_line' id='line_1_38' title="bbox 0 0 1584 5132; baseline 0 0"><span class='ocrx_word' id='word_1_315' title='bbox 0 0 1584 5132; x_wconf 95' lang='lat' dir='ltr'> </span> 
     </span>
    </p>
   </div>
  </div>
 </body>
</html>
