3152 5128
357 379 430 452 282
752 391 796 452 Ex
818 409 915 454 ιιιιιικ
937 392 1145 454 Βιιιοιιιιτιιι.

409 579 519 666 ἔλαφοι
540 576 608 653 τούς
631 576 778 666 ἀτταγᾶς,
803 573 845 651 ῶς
866 575 951 642 ἵπποι
972 575 1024 651 τάς
1047 573 1167 656 ῶτίδας,
1192 571 1234 648 ῶς
1255 573 1340 661 αἶγες
1361 570 1424 648 τούς
1444 573 1512 659 ίχδδς

408 679 475 757 τούς
499 679 638 769 σαργούς,
662 677 711 750 ότε
732 678 805 768 πρὸς
827 683 888 754 τοῖς
909 673 999 747 ύδασι
1021 677 1171 746 λούονται.

472 781 518 852 ότι
540 783 556 851 δ
578 781 668 860 λύκος
691 783 855 872 σφόνδυλον
878 781 940 849 ούκ·
954 783 1039 870 ἔχει,
1070 779 1136 848 ἄλλ’
1164 782 1196 847 ἓν
1218 779 1336 863 ὀστοῦν,
1360 778 1398 855 ῶς
1418 774 1434 846 ό
1453 783 1513 846 λέον

409 889 461 955 καί
482 886 502 975 ἡ
526 883 633 956 ύαινα·
658 883 730 954 όθεν
751 883 800 952 ἐπ’
827 885 948 954 εύδεῖαν
974 882 1074 960 αύταῖς
1097 885 1174 952 ἐστίν
1198 882 1214 951 ‘0
1237 882 1357 972 δρόμος

377 1007 393 1056 5
425 1043 431 1056 .
476 988 523 1058 ότι
536 988 644 1060 ὀδόντα
659 989 750 1058 αὐτοῦ
765 989 850 1065 εἴτις
866 991 1032 1078 φορέσειεν,
1057 987 1093 1056 ού
1108 991 1246 1077 φοβεῖται
1260 985 1363 1068 λύκον,
1386 987 1433 1054 καί
1445 989 1514 1061 ἵππιος

409 1101 510 1184 φορῶν
534 1093 622 1162 αύτὸν
644 1091 809 1184 ταχύτατος
830 1094 955 1180 γίνεται.

473 1195 518 1265 ότι
540 1201 677 1287 φοβεῖται
699 1195 715 1263 ὃ
738 1193 825 1271 λύκος
847 1195 900 1284 τήν
924 1197 1059 1275 σκίλλαν,
1088 1192 1129 1269 ῶς
1151 1192 1168 1261 ό
1191 1197 1267 1262 λέιον
1290 1192 1343 1282 τὴν
1364 1199 1458 1282 κρῖνον
1477 1195 1515 1260 καί

408 1297 428 1390 ἡ
451 1301 598 1389 πάρδαλις
619 1299 673 1388 τήν
695 1297 847 1388 κράνειαν.

473 1401 519 1471 ότι
541 1405 645 1473 ὀστοῦν
668 1400 781 1493 φρύνου
803 1406 940 1491 κατέχων
962 1429 1005 1478 τις
1027 1403 1156 1488 κοιμίζει
1176 1399 1227 1468 τόν
1248 1399 1350 1468 λύκον.

358 1521 388 1570 10
473 1503 519 1575 ότι
533 1509 597 1575 ἔστι
610 1505 699 1582 λύκος
715 1509 880 1574 κατεσθίων
897 1507 1017 1594 σίδηρον
1033 1503 1083 1571 καί
1097 1503 1164 1580 τούς
1180 1507 1294 1580 λίθους.
1334 1505 1480 1594 κρύπτεται
1492 1506 1517 1570 δὲ

409 1610 486 1678 κατὰ
506 1610 556 1679 τόν
579 1609 683 1700 καιρὸν
705 1618 757 1678 τοῦ
781 1611 899 1698 Σειρίου
920 1607 1008 1684 κυνὸς
1029 1611 1087 1683 ἕως
1109 1601 1144 1674 ού
1166 1605 1320 1698 καταψύξῃ
1342 1607 1359 1675 ό
1379 1607 1445 1698 άηρ.

348 1737 399 1780 νιιι
474 1742 544 1803 κεφ.
568 1711 610 1802 η’.
657 1713 725 1804 περί
754 1710 918 1802 ύστριγγος.
965 1708 1011 1778 ότι
1032 1709 1051 1798 ἡ
1074 1707 1190 1800 ύστριγξ
1212 1714 1339 1799 μέγεθος
1361 1711 1447 1780 λύκου
1465 1713 1517 1800 ἔχει

408 1817 539 1886 κατὰτὸ
562 1820 694 1886 ἔλαττον.

472 1917 518 1989 ότι
539 1926 572 1990 ἐν
593 1929 636 2013 τῷ
658 1920 744 2010 νιύτῳ
765 1922 832 2009 ἔχει
854 1918 919 1986 ἀντί
940 1923 1052 2008 τριχῶν
1071 1917 1112 1993 ῶς
1128 1918 1261 1994 σκιύλους
1276 1918 1359 1995 τινάς
1373 1920 1421 1985 καί
1436 1916 1516 1985 άκύν-

357 2039 388 2090 15
412 2029 468 2101 δας
492 2023 636 2113 μεγάλας,
660 2023 714 2114 ἀφ’
742 2020 783 2091 ῶν
807 2027 839 2092 αἱ
860 2027 998 2112 γυναῖκες
1013 2019 1210 2112 χρυσῶσασαι
1223 2029 1343 2092 ποιοῦσι
1356 2021 1472 2111 περόνας
1485 2025 1516 2094 εἰς

407 2127 475 2205 τούς
498 2131 612 2197 ἑαυτῶν
635 2125 818 2216 πλοκάμους.

470 2229 518 2300 ότι
538 2231 648 2309 ταύτας
670 2229 781 2306 τοξεύει
804 2228 957 2321 φεύγουσα
979 2230 1030 2297 καί
1053 2224 1148 2319 ἄνδρα
1163 2231 1214 2297 καί
1230 2230 1306 2299 κύνα
1319 2229 1459 2306 πολλάκις
1472 2233 1516 2315 δη-

410 2336 541 2425 ρευτικὸν
565 2335 693 2424 άναιρεῖ.
1568 2385 1569 2428 γ

355 2464 384 2506 ικ
471 2467 539 2528 κερ.
565 2437 607 2506 θ’.
653 2438 720 2528 περί
741 2441 864 2527 τίγρεως
887 2442 918 2504 ἐν
941 2435 1040 2526 τούτῷ
1062 2437 1114 2502 καί
1136 2434 1257 2525 γρυπός.
1305 2434 1352 2506 ότι
1373 2443 1515 2526 ἑντῷπο-

1568 3807 1569 3868 ί

355 2557 388 2606 20
409 2547 493 2634 λέμιρ
520 2549 563 2633 τῷ
591 2541 668 2610 κατὰ
695 2539 812 2630 Κρόνον
843 2540 893 2608 καί
915 2543 972 2608 Δία
1003 2538 1060 2607 άπὸ
1088 2545 1141 2606 τοῦ
1170 2540 1296 2627 αἵματος
1324 2548 1382 2608 τῶν
1404 2539 1514 2608 Τιτάνοι

408 2649 501 2734 θηρία
522 2649 658 2734 ἐγίνοντο
680 2649 711 2712 ἑν
734 2643 816 2734 πάση
839 2653 875 2734 τῇ
897 2653 947 2733 γῇ.

472 2746 518 2818 ότι
539 2756 598 2818 τῶν
617 2746 771 2816 Αἰθιόπων
793 2747 831 2816 τά
852 2750 945 2836 δηρία
968 2748 1091 2834 μείίονα
1113 2747 1164 2812 καί
1187 2746 1384 2837 φοβερώτατα
1418 2745 1515 2836 τυγχά-

409 2881 465 2921 νει.
512 2849 552 2920 ῶν
576 2853 638 2920 ἐστί
660 2851 710 2919 καί
732 2850 752 2940 ἡ
774 2854 878 2941 τίγρις,
902 2847 967 2939 ἥτις
990 2848 1241 2938 συλλαμβάνουσα
1254 2854 1347 2920 τίκτει
1361 2855 1391 2926 ἐξ
1406 2841 1515 2938 ὀνόματ’

472 2953 518 3025 ότι
540 2962 693 3046 δυσχερῶς
715 2953 799 3030 ζῶσά
820 2981 892 3022 ποτε
914 2952 1156 3045 συλλαμβάνεται
1178 2949 1198 3042 ἢ
1220 2953 1396 3043 ἡμεροῦται,
1419 2956 1514 3043 σφόδρα

356 3075 388 3124 25
410 3058 561 3150 ταχυτάτη
584 3055 660 3128 ούσα
683 3058 724 3135 ῶς
745 3063 776 3134 ἐξ
795 3059 909 3146 ἀνέμου
930 3061 1112 3147 γεννωμένη.

472 3161 518 3232 ότι
546 3163 615 3240 τούς
649 3161 796 3251 σκύμνους
831 3159 923 3250 αὐτῆς
959 3160 1090 3249 ἀπούσης
1124 3159 1307 3250 ἁρπάζοντες
1334 3167 1366 3229 οί
1393 3159 1514 3250 θηρευταί

399 3264 557 3355 βάλλουσιν
593 3271 625 3333 ἐν
661 3265 791 3342 δαλίνοις
826 3265 974 3355 ἀγγείοις,
1015 3265 1067 3334 καί
1100 3260 1172 3332 όταν
1207 3269 1440 3355 καταληφθῶσιν
1472 3261 1514 3329 ύπύ

406 3377 459 3458 τῆς
491 3368 599 3459 μητρός
626 3369 794 3460 ταχυτάτης
832 3365 943 3459 ούσης,
975 3372 1126 3458 ῥίπτουσιν
1157 3367 1276 3457 άγγεῖον
1306 3372 1358 3453 ἕν,
1392 3369 1439 3436 κσί
1462 3363 1514 3452 περί

407 3480 493 3542 τούτο
517 3472 609 3562 αὐτῆς
632 3473 884 3563 άπησχσλημένης
907 3475 959 3542 καί
981 3471 1037 3542 ύπὸ
1059 3479 1113 3560 τῆς
1134 3478 1187 3538 τοῦ
1209 3475 1314 3539 τέκνου
1336 3476 1368 3539 ίν
1388 3479 1428 3562 τῷ
1441 3469 1514 3556 ύελίιρ

442 3761 466 3807 4.
485 3753 531 3814 τὰς
548 3753 656 3824 ἀτταγᾶς
674 3756 703 3805 λ.
774 3759 800 3805 2.
819 3753 880 3812 τοὺς
898 3752 1018 3823 σσργούςι
1040 3755 1105 3819 Ορρ.
1127 3753 1186 3804 Hal.
1200 3755 1234 3803 lv
1247 3757 1341 3804 δοῦσα.
1358 3755 1422 3818 Cyn.
1437 3753 1455 3802 11
1465 3751 1512 3799 m.

423 3837 648 3894 λιιαίύαιναλ.
720 3839 909 3912 δρορίσειλ.
980 3846 1005 3890 ’1.
1024 3839 1095 3891 σοιτί.
1117 3843 1264 3905 {mmm
1336 3836 1511 3910 φορτῑτοιρτλ.
1568 3871 1569 3920 γ

424 3925 534 3980 δλέονι
559 3927 731 3980 λελαεσο.
752 3929 821 3986 116,
847 3929 929 3992 ὓασρ.
950 3927 1052 3978 xviv.
1136 3929 1160 3976 8.
1180 3923 1285 3994 κρανίον
1303 3927 1333 3976 Α.
1372 3924 1513 3976 Democritus
1568 3927 1569 3980 γ

354 4015 468 4066 Ἑοδιίυίἰ
486 4029 512 4080 p.
528 4019 577 4065 m
595 4011 697 4085 κρανίον
719 4011 857 4085 Μρῶιτου
880 4011 1006 4082 πάρδαλιν
1032 4015 1105 4077 (puto
1123 4010 1229 4080 κράνεια
1251 4009 1384 4080 πάρδαλιν)
1407 4006 1512 4076 &W
1568 3987 1569 4072 ί

352 4099 448 4170 πρέπει.
520 4107 545 4152 9.
566 4097 654 4172 ρρίνου
673 4101 702 4151 λ.
773 4097 914 4166 ιισμίίειλ.
987 4103 1028 4148 ίυ.
1049 4100 1117 4163 Ορμ.
1137 4098 1204 4162 Cyn.
1219 4099 1254 4148 111
1268 4101 1345 4150 ³20³.
1416 4089 1512 4145 ιλιοτά
1568 4089 1569 4170 ζ

353 4201 409 4239 om.
429 4190 459 4239 Α.
549 4187 890 4253 ιι.ορρ.ογο.ιιιινι.
981 4181 1227 4242 nmmum.
1318 4179 1509 4256 ιαχριοιοοι.
1568 4173 1569 4222 1

354 4275 485 4325 ωεοδυω
503 4273 571 4324 vidit
589 4274 621 4323 11.
713 4277 753 4324 17.
774 4273 927 4337 OppSCyn.
949 4273 1088 4322 11189783.
1163 4267 1267 4328 ταύταις
1284 4272 1316 4321 λ.
1404 4273 1439 4318 11.
1454 4261 1510 4315 oms·
1568 4289 1569 4336 γ

355 4359 689 4424 1ιυ1ι.λαίοαρίι.ρ.υα’1.
778 4363 821 4409 κν.
839 4355 972 4430 δυσχερῶς
996 4356 1058 4408 ποτὲ
1080 4355 1167 4416 ζῶσαί
1244 4362 1302 4432 αδ.
1321 4358 1388 4422 Ορρ.
1412 4355 1470 4418 Cyn.
1486 4348 1510 4398 111
1568 4343 1569 4416 J

354 4450 449 4496 mss.
532 4447 574 4495 κα.
594 4444 693 4494 similia
705 4443 907 4508 quodammodo
920 4443 1020 4494 hubent
1032 4443 1191 4494 Ambrosius
1204 4443 1331 4494 Ηεαααιο.
1345 4443 1439 4494 Ἡλεί
1448 4437 1510 4488 ehu·
1568 4477 1569 4480 ,

355 4531 599 4599 ᾱίυουεδεπυρια
614 4532 790 4596 Proserpinae
808 4531 914 4582 lum.
1001 4527 1216 4581 omnim
1308 4528 1405 4580 ἀπἀΑ.
