3156 5132
355 419 429 494 376
749 435 795 494 Ex
817 451 914 496 asan
937 434 1143 496 Burousrusr.

439 625 540 685 XLIV.
567 623 730 685 Charisius
752 642 784 705 p.
803 625 843 684 90
860 623 892 683 Ρ.
918 621 1141 685 contubernale.
1190 625 1362 704 Pomponius
1384 624 1413 683 in
1428 625 1509 685 llocco

355 727 447 788 milite
477 728 561 789 ‘cum
583 726 808 790 conuibernale‘
839 727 934 806 inquit
968 727 1122 808 ‘puqnaoi
1149 727 1220 807 quia
1254 723 1283 808 (q
1302 726 1404 808 codex}
1433 745 1509 788 meon

353 829 482 890 cenom.’
526 830 559 892 in
577 829 772 892 Comioorum
788 829 969 891 Latinorum
993 828 1139 909 reliquiis
1161 847 1194 910 p.
1212 829 1274 890 200
1298 831 1371 890 hacc
1392 831 1432 891 ita
1448 831 1511 890 scri-

353 932 483 1012 buntur,

484 1037 557 1098 Cum
580 1035 807 1099 cdntubernalei
825 1037 966 1118 puqnooi
985 1034 1064 1116 qubd
1086 1054 1181 1097 meam
1205 1054 1306 1098 cenam
1332 1083 1339 1096 .
1365 1083 1373 1097 .
1400 1083 1407 1097 .

351 1141 467 1203 iactum
492 1139 524 1202 id
548 1149 595 1202 est
615 1138 764 1201 calidiore
780 1139 927 1200 oonsilio:
954 1157 1026 1201 nam
1042 1137 1255 1201 contubernale
1269 1140 1363 1202 lulius
1378 1141 1513 1202 liomanus

353 1253 482 1325 propter
506 1244 586 1305 hanc
609 1245 709 1324 ipsam
731 1242 862 1304 ablativi
885 1261 976 1306 casus
999 1241 1131 1305 formam
1146 1242 1262 1322 attulit,
1287 1253 1321 1306 ut
1335 1263 1403 1305 mox
1417 1244 1513 1306 cereale

352 1356 383 1409 et
407 1348 439 1407 in
462 1346 572 1409 eodem
596 1347 699 1427 capite
722 1346 818 1408 multo
841 1347 913 1408 olio.
960 1345 1166 1408 scribendum
1189 1355 1257 1408 erat

755 1467 823 1512 cum
846 1448 1061 1512 contuberndle
1078 1452 1218 1534 puqnaor'
1239 1451 1311 1532 qma

558 1572 653 1616 meam
675 1547 826 1640 (cenavit)
848 1572 964 1615 cenom.

351 1658 383 1718 iu
406 1655 557 1719 vocabulo
580 1654 664 1736 quod
687 1666 736 1718 est
756 1655 968 1719 contubernale
983 1657 1076 1718 tertia
1092 1655 1213 1737 syllaba
1228 1666 1283 1719 aut
1298 1659 1460 1739 corripitur
1472 1667 1513 1718 aut

350 1780 421 1823 cum
436 1760 535 1823 altera
551 1758 707 1838 coalescit,
726 1760 809 1822 utin
825 1759 1021 1822 tabernaculo
1037 1759 1071 1820 fir
1086 1758 1173 1840 opud
1189 1760 1288 1822 Plout.
1305 1761 1390 1822 Trio.
1408 1781 1437 1822 v.
1453 1760 1511 1836 iit,

458 1863 608 1926 cdssidem
631 1865 661 1924 in
685 1861 788 1944 capell.
836 1862 969 1926 dormibo
991 1863 1143 1945 pldcidule
1166 1865 1198 1924 in
1220 1862 1423 1927 taberndculo.

350 1966 434 2028 idem
458 1967 491 2027 iit
515 1966 546 2027 in
569 1965 781 2048 qubernabunt
803 1968 834 2027 in
858 1967 953 2028 Milite
975 1966 1108 2048 glorioso
1131 1985 1162 2027 v.
1183 1966 1277 2046 root,

393 2070 489 2151 tepide
507 2069 672 2151 factumst:
696 2071 758 2130 iam
780 2088 823 2131 eae
845 2072 982 2132 se'rmone
1003 2069 1056 2132 boc
1074 2069 1289 2153 quberna'bunt
1302 2071 1414 2134 doctiru
1425 2089 1510 2154 porro.

370 2201 373 2206 ·
435 2173 553 2235 Nonius
575 2192 608 2253 p.
626 2173 665 2233 83
684 2173 724 2235 28
748 2173 891 2236 comedim
911 2193 970 2255 pro
985 2173 1147 2235 comedam.
1199 2174 1324 2236 Plautus
1339 2172 1513 2238 fluctuum

351 2276 448 2359 ‘quod
469 2277 537 2339 dem
558 2278 666 2339 scortis
688 2276 823 2360 quodque
846 2279 877 2339 in
899 2277 1006 2339 lustris
1022 2276 1176 2352 comedim,
1202 2295 1403 2360 conqraecem,
1424 2273 1515 2359 puer?

350 2381 453 2442 Cicero
469 2383 501 2442 in
521 2382 687 2442 Varronem
703 2380 834 2461 epistula
853 2383 937 2442 Paeti
960 2381 1021 2442 ‘set
1035 2399 1123 2456 uera,
1144 2382 1173 2442 si
1186 2399 1232 2441 me
1247 2399 1346 2457 amas,
1370 2387 1404 2442 ut
1417 2381 1511 2452 valeas,

348 2503 386 2545 ne
415 2503 466 2566 eqo
495 2481 684 2564 (addendum
708 2491 752 2559 te,
785 2482 870 2563 quod
894 2493 942 2544 est
965 2483 998 2544 in
1021 2483 1080 2563 Ep.
1105 2482 1145 2545 ad
1169 2482 1242 2544 ium.
1262 2481 1358 2568 1120]
1384 2483 1456 2546 bono
1475 2490 1513 2543 tua
1561 2481 1562 2502 ²

348 2587 508 2649 comedim:
532 2588 628 2650 statui
648 2588 728 2648 enim
750 2584 862 2648 tibine
884 2593 1004 2669 aeqroto
1026 2585 1145 2668 quidem
1157 2589 1312 2667 parcere.'
1359 2587 1511 2669 Pomponio

350 2689 516 2752 Prostibulo
541 2695 610 2772 ‘eqo
632 2707 745 2771 quaero
767 2689 846 2771 quod
868 2690 965 2767 edim,
996 2689 1052 2752 lias
1075 2708 1225 2772 quaerere
1247 2708 1321 2771 quos
1342 2698 1441 2754 cocent
1460 2709 1511 2751 coo-

348 2795 466 2855 trarius
489 2793 555 2854 esl.'
602 2793 763 2874 Pomponii
787 2810 898 2854 versus
922 2793 954 2854 in
972 2793 1167 2855 comicorum
1193 2794 1340 2874 reliquiis
1362 2814 1395 2877 p.
1411 2791 1511 2856 rosso

348 2894 511 2974 scribitur,

383 3017 452 3082 .eqo
475 3017 588 3080 quaero
610 2999 688 3082 qubd
710 2999 798 3074 edim,
823 2999 880 3060 bae
902 3009 1054 3080 quaerunt
1068 2999 1147 3082 qubd
1160 3009 1283 3064 carent:
1307 2999 1509 3064 contrbriumst.

348 3101 552 3164 scribendum
577 3105 679 3183 potius
702 3101 831 3164 videtur

391 3209 442 3288 eqo
457 3225 570 3288 quaero
585 3205 663 3287 quod
678 3205 843 3286 odmedim,
863 3206 919 3269 hos
934 3225 1082 3288 quaerere
1096 3207 1175 3290 quod
1190 3217 1294 3270 carent
1305 3207 1509 3272 contrdrirmst.

348 3318 434 3372 certe
463 3309 542 3371 edim
564 3311 682 3373 Nonius
710 3310 771 3372 olio
801 3310 866 3371 loco
895 3331 927 3391 p.
946 3310 1009 3373 507
1035 3311 1171 3393 aliisque
1200 3312 1358 3394 exemplis
1387 3308 1509 3392 explicat.

349 3412 392 3474 ibi
417 3431 457 3473 ex
473 3413 562 3475 Novii
578 3412 718 3477 Bubulco
741 3413 818 3476 haec
841 3412 972 3495 proteu,
998 3413 1077 3496 quod
1098 3414 1185 3478 editis
1207 3414 1283 3477 odit
1306 3423 1360 3492 est,
1385 3411 1455 3496 quod
1470 3427 1510 3471 co-

347 3520 418 3578 oetis
441 3517 528 3598 copia
550 3523 604 3579 est.
651 3516 762 3580 eodem
785 3527 832 3580 est
848 3518 1050 3598 Pomponiani
1075 3518 1222 3580 versiculi
1247 3516 1391 3596 ineditas,
1416 3519 1443 3576 in
1463 3529 1510 3592 quo

347 3620 404 3682 bas
428 3621 460 3680 in
482 3618 536 3682 bos
559 3619 745 3684 mutandum
769 3640 838 3683 esse
854 3620 997 3701 adparet.
1046 3640 1173 3702 possum
1190 3621 1307 3684 similia
1324 3619 1445 3694 addere,
1466 3610 1509 3676 sed

348 3722 418 3784 nolo
445 3723 628 3803 turpissima
651 3724 775 3805 longius
797 3725 959 3804 prosequi.
1008 3725 1039 3784 in
1063 3727 1168 3805 quarti
1190 3723 1283 3806 pedis
1306 3715 1509 3806 dactylorum

349 3836 398 3889 est
420 3827 561 3888 offensio.

434 3931 521 3991 XLV.
554 3928 648 4012 Apud
677 3931 856 3993 Petronium
887 3949 955 4011 cop.
981 3932 1020 3992 20
1052 3951 1084 4012 p.
1104 3929 1179 3991 208
1201 3931 1319 3992 Buech.
1356 3931 1410 4014 [ed.
1440 3921 1506 4002 nai]

289 4050 338 4096 ser
350 4034 427 4096 haec
442 4034 559 4112 scriptu
575 4021 670 4112 suut,'
695 4031 830 4115 Ascyltos
847 4036 906 4095 iam
922 4033 1072 4114 deficiente
1083 4032 1263 4114 sabula-rum
1279 4041 1418 4098 contemtu
1441 4023 1509 4110 ‘qul

348 4137 454 4218 erqo?'
479 4137 594 4217 inquit:
622 4137 700 4198 ‘non
722 4155 790 4200 sum
812 4137 922 4221 drqnus
944 4138 997 4218 qui
1010 4136 1147 4199 bibam?'
1171 4137 1286 4200 ancillo
1302 4141 1370 4202 risu
1384 4149 1507 4214 meoprr

349 4239 413 4302 dita
435 4241 588 4322 complosit
610 4259 719 4304 monus
742 4247 769 4303 et
794 4242 941 4323 ‘apposui
961 4240 1090 4323 quidern,
1116 4240 1307 4304 adolescens:
1332 4243 1410 4304 solus
1429 4245 1504 4299 torm

350 4343 595 4406 medicamentum
624 4343 763 4407 ebibisti.‘
810 4347 908 4407 ‘itone
936 4345 1013 4406 esti'
1045 4345 1143 4426 inquit
1168 4345 1340 4421 Quartilla:
1374 4331 1508 4426 ‘quidquid

348 4448 460 4528 satyrii
477 4446 540 4528 suit
561 4447 722 4531 Encolpius
739 4447 865 4512 ebibitl'
890 4449 921 4510 ia
944 4448 994 4510 his
1005 4448 1131 4530 prodita
1146 4467 1208 4510 non
1226 4443 1383 4530 intellego,
1407 4437 1505 4506 intelle·

349 4569 456 4632 gereni
476 4553 621 4634 prolecta.
667 4551 786 4614 deinde
809 4561 844 4614 ut
867 4561 936 4634 post
959 4555 1089 4634 apposui
1106 4551 1226 4635 quidem
1241 4549 1362 4635 aliquid
1375 4542 1503 4614 excidisse
