<?xml version="1.0" encoding="UTF-8"?>
<!DOCTYPE html PUBLIC "-//W3C//DTD XHTML 1.0 Transitional//EN"
    "http://www.w3.org/TR/xhtml1/DTD/xhtml1-transitional.dtd">
<html xmlns="http://www.w3.org/1999/xhtml" xml:lang="en" lang="en">
 <head>
  <title>
</title>
<meta http-equiv="Content-Type" content="text/html;charset=utf-8" />
  <meta name='ocr-system' content='tesseract 3.04.00' />
  <meta name='ocr-capabilities' content='ocr_page ocr_carea ocr_par ocr_line ocrx_word'/>
</head>
<body>
  <div class='ocr_page' id='page_1' title='image "./mavriciihavptii01haupgoog/mavriciihavptii01haupgoog_0541.png"; bbox 0 0 3178 5136; ppageno 0'>
   <div class='ocr_carea' id='block_1_1' title="bbox 348 411 1136 488">
    <p class='ocr_par' dir='ltr' id='par_1_1' title="bbox 348 411 1136 488">
     <span class='ocr_line' id='line_1_1' title="bbox 348 411 1136 488; baseline 0.004 -5"><span class='ocrx_word' id='word_1_1' title='bbox 348 411 420 484; x_wconf 79' lang='lat'><strong>528</strong></span> <span class='ocrx_word' id='word_1_2' title='bbox 741 428 784 488; x_wconf 82' lang='lat' dir='ltr'><strong>Ex</strong></span> <span class='ocrx_word' id='word_1_3' title='bbox 807 447 906 487; x_wconf 73' lang='lat' dir='ltr'><strong>nunus</strong></span> <span class='ocrx_word' id='word_1_4' title='bbox 929 428 1136 488; x_wconf 71' lang='grc' dir='ltr'>Βινοιιαοαει.</span> 
     </span>
    </p>
   </div>
   <div class='ocr_carea' id='block_1_2' title="bbox 346 612 1501 902">
    <p class='ocr_par' dir='ltr' id='par_1_2' title="bbox 346 612 1501 902">
     <span class='ocr_line' id='line_1_2' title="bbox 348 612 1500 700; baseline -0.002 -23"><span class='ocrx_word' id='word_1_5' title='bbox 348 618 379 678; x_wconf 95' lang='lat' dir='ltr'><strong>in</strong></span> <span class='ocrx_word' id='word_1_6' title='bbox 412 615 462 677; x_wconf 88' lang='lat' dir='ltr'><strong>his</strong></span> <span class='ocrx_word' id='word_1_7' title='bbox 491 614 642 678; x_wconf 75' lang='lat' dir='ltr'><strong>versibus</strong></span> <span class='ocrx_word' id='word_1_8' title='bbox 664 616 774 677; x_wconf 85' lang='lat' dir='ltr'><strong>Billiue</strong></span> <span class='ocrx_word' id='word_1_9' title='bbox 803 613 899 677; x_wconf 80' lang='lat' dir='ltr'><strong>habet</strong></span> <span class='ocrx_word' id='word_1_10' title='bbox 926 612 1072 700; x_wconf 76' lang='grc' dir='ltr'><strong>καροκία,</strong></span> <span class='ocrx_word' id='word_1_11' title='bbox 1106 633 1201 696; x_wconf 83' lang='lat' dir='ltr'><strong>quam</strong></span> <span class='ocrx_word' id='word_1_12' title='bbox 1231 613 1372 677; x_wconf 80' lang='lat' dir='ltr'>vocabuli</span> <span class='ocrx_word' id='word_1_13' title='bbox 1399 612 1500 676; x_wconf 89' lang='lat' dir='ltr'><strong>iorman</strong></span> 
     </span>
     <span class='ocr_line' id='line_1_3' title="bbox 346 711 1501 802; baseline -0.002 -22"><span class='ocrx_word' id='word_1_14' title='bbox 346 737 459 781; x_wconf 87' lang='lat' dir='ltr'><strong>versus</strong></span> <span class='ocrx_word' id='word_1_15' title='bbox 488 717 644 799; x_wconf 83' lang='lat' dir='ltr'><strong>postulat,</strong></span> <span class='ocrx_word' id='word_1_16' title='bbox 680 729 748 780; x_wconf 88' lang='lat' dir='ltr'><strong>tum</strong></span> <span class='ocrx_word' id='word_1_17' title='bbox 779 712 845 801; x_wconf 66' lang='grc' dir='ltr'><strong>ἐμοὶ</strong></span> <span class='ocrx_word' id='word_1_18' title='bbox 870 711 904 782; x_wconf 76' lang='grc' dir='ltr'><strong>τὸ</strong></span> <span class='ocrx_word' id='word_1_19' title='bbox 931 715 1054 802; x_wconf 81' lang='grc' dir='ltr'><strong>πέμμα,</strong></span> <span class='ocrx_word' id='word_1_20' title='bbox 1084 717 1142 780; x_wconf 89' lang='lat' dir='ltr'><strong>sed</strong></span> <span class='ocrx_word' id='word_1_21' title='bbox 1170 719 1204 778; x_wconf 89' lang='lat' dir='ltr'><strong>in</strong></span> <span class='ocrx_word' id='word_1_22' title='bbox 1233 716 1324 780; x_wconf 87' lang='lat' dir='ltr'><strong>libris</strong></span> <span class='ocrx_word' id='word_1_23' title='bbox 1349 718 1432 800; x_wconf 77' lang='grc' dir='ltr'><strong>πῶμα</strong></span> <span class='ocrx_word' id='word_1_24' title='bbox 1449 737 1501 778; x_wconf 85' lang='lat' dir='ltr'><strong>esse</strong></span> 
     </span>
     <span class='ocr_line' id='line_1_4' title="bbox 347 821 928 902; baseline 0 -18"><span class='ocrx_word' id='word_1_25' title='bbox 347 821 468 884; x_wconf 84' lang='lat' dir='ltr'><strong>scribit.</strong></span> <span class='ocrx_word' id='word_1_26' title='bbox 515 823 637 902; x_wconf 78' lang='lat' dir='ltr'><strong>corrigo</strong></span> <span class='ocrx_word' id='word_1_27' title='bbox 660 821 716 882; x_wconf 91' lang='lat' dir='ltr'><strong>hos</strong></span> <span class='ocrx_word' id='word_1_28' title='bbox 738 839 851 883; x_wconf 89' lang='lat' dir='ltr'><strong>versus</strong></span> <span class='ocrx_word' id='word_1_29' title='bbox 874 822 928 900; x_wconf 84' lang='lat' dir='ltr'><strong>ita,</strong></span> 
     </span>
    </p>
   </div>
   <div class='ocr_carea' id='block_1_3' title="bbox 544 939 1304 1241">
    <p class='ocr_par' dir='ltr' id='par_1_3' title="bbox 544 939 1304 1241">
     <span class='ocr_line' id='line_1_5' title="bbox 545 939 1304 1033; baseline 0 -21"><span class='ocrx_word' id='word_1_30' title='bbox 545 943 585 1012; x_wconf 89' lang='lat' dir='ltr'><strong>K.</strong></span> <span class='ocrx_word' id='word_1_31' title='bbox 611 947 685 1031; x_wconf 76' lang='grc' dir='ltr'><strong>ἐμοῦ</strong></span> <span class='ocrx_word' id='word_1_32' title='bbox 706 943 744 1012; x_wconf 79' lang='grc' dir='ltr'><strong>τὰ</strong></span> <span class='ocrx_word' id='word_1_33' title='bbox 765 941 908 1032; x_wconf 61' lang='grc' dir='ltr'><strong>πέμμαέ.</strong></span> <span class='ocrx_word' id='word_1_34' title='bbox 955 945 995 1013; x_wconf 92' lang='lat' dir='ltr'><strong>ll.</strong></span> <span class='ocrx_word' id='word_1_35' title='bbox 1021 939 1109 1033; x_wconf 76' lang='grc' dir='ltr'>ἄρτος</span> <span class='ocrx_word' id='word_1_36' title='bbox 1129 942 1150 1032; x_wconf 83' lang='grc' dir='ltr'>ἡ</span> <span class='ocrx_word' id='word_1_37' title='bbox 1173 945 1304 1033; x_wconf 71' lang='grc' dir='ltr'><strong>παροινία</strong></span> 
     </span>
     <span class='ocr_line' id='line_1_6' title="bbox 544 1043 1270 1136; baseline 0.001 -22"><span class='ocrx_word' id='word_1_38' title='bbox 544 1047 612 1135; x_wconf 71' lang='grc' dir='ltr'><strong>ἐμοὶ</strong></span> <span class='ocrx_word' id='word_1_39' title='bbox 633 1046 667 1116; x_wconf 80' lang='grc' dir='ltr'><strong>τὸ</strong></span> <span class='ocrx_word' id='word_1_40' title='bbox 688 1050 793 1136; x_wconf 82' lang='grc' dir='ltr'>πέμμα</span> <span class='ocrx_word' id='word_1_41' title='bbox 815 1047 836 1114; x_wconf 88' lang='grc' dir='ltr'><strong>τ’</strong></span> <span class='ocrx_word' id='word_1_42' title='bbox 841 1100 851 1115; x_wconf 17' lang='grc' dir='ltr'><strong>ι.</strong></span> <span class='ocrx_word' id='word_1_43' title='bbox 897 1051 929 1123; x_wconf 74' lang='grc' dir='ltr'><strong>ἐξ</strong></span> <span class='ocrx_word' id='word_1_44' title='bbox 951 1045 1033 1115; x_wconf 77' lang='grc' dir='ltr'>ἁλῶν</span> <span class='ocrx_word' id='word_1_45' title='bbox 1056 1043 1136 1116; x_wconf 75' lang='grc' dir='ltr'>ἅπαν</span> <span class='ocrx_word' id='word_1_46' title='bbox 1158 1045 1270 1136; x_wconf 72' lang='grc' dir='ltr'>γλυκύ·</span> 
     </span>
     <span class='ocr_line' id='line_1_7' title="bbox 544 1149 1243 1241; baseline -0.003 -23"><span class='ocrx_word' id='word_1_47' title='bbox 544 1150 588 1227; x_wconf 74' lang='grc' dir='ltr'><strong>οἷς</strong></span> <span class='ocrx_word' id='word_1_48' title='bbox 610 1158 668 1218; x_wconf 84' lang='grc' dir='ltr'><strong>τῶν</strong></span> <span class='ocrx_word' id='word_1_49' title='bbox 691 1149 870 1241; x_wconf 79' lang='grc' dir='ltr'><strong>τρυφώντων</strong></span> <span class='ocrx_word' id='word_1_50' title='bbox 894 1149 1048 1241; x_wconf 79' lang='grc' dir='ltr'>θᾶλρορόν</span> <span class='ocrx_word' id='word_1_51' title='bbox 1070 1149 1243 1219; x_wconf 76' lang='grc' dir='ltr'><strong>καταπαύω.</strong></span> 
     </span>
    </p>
   </div>
   <div class='ocr_carea' id='block_1_4' title="bbox 347 1277 1571 1777">
    <p class='ocr_par' dir='ltr' id='par_1_4' title="bbox 347 1277 1571 1678">
     <span class='ocr_line' id='line_1_8' title="bbox 347 1277 1571 1380; baseline -0.003 -35"><span class='ocrx_word' id='word_1_52' title='bbox 347 1286 380 1347; x_wconf 92' lang='lat' dir='ltr'><strong>in</strong></span> <span class='ocrx_word' id='word_1_53' title='bbox 409 1286 547 1348; x_wconf 89' lang='lat' dir='ltr'><strong>carmine</strong></span> <span class='ocrx_word' id='word_1_54' title='bbox 576 1279 642 1369; x_wconf 80' lang='grc' dir='ltr'><strong>περὶ</strong></span> <span class='ocrx_word' id='word_1_55' title='bbox 670 1277 777 1369; x_wconf 70' lang='grc' dir='ltr'><strong>ἀρετῆς</strong></span> <span class='ocrx_word' id='word_1_56' title='bbox 808 1283 964 1347; x_wconf 84' lang='lat' dir='ltr'><strong>Calliavus</strong></span> <span class='ocrx_word' id='word_1_57' title='bbox 991 1284 1131 1348; x_wconf 79' lang='lat' dir='ltr'><strong>codicem</strong></span> <span class='ocrx_word' id='word_1_58' title='bbox 1163 1283 1390 1346; x_wconf 83' lang='lat' dir='ltr'><strong>Coislinianum</strong></span> <span class='ocrx_word' id='word_1_59' title='bbox 1414 1279 1507 1344; x_wconf 87' lang='lat' dir='ltr'><strong>habere</strong></span> <span class='ocrx_word' id='word_1_60' title='bbox 1570 1297 1571 1380; x_wconf 33' lang='grc' dir='ltr'><strong>ρ</strong></span> 
     </span>
     <span class='ocr_line' id='line_1_9' title="bbox 347 1379 1571 1472; baseline -0.003 -24"><span class='ocrx_word' id='word_1_61' title='bbox 347 1387 424 1450; x_wconf 91' lang='lat' dir='ltr'><strong>dicit</strong></span> <span class='ocrx_word' id='word_1_62' title='bbox 445 1390 560 1472; x_wconf 84' lang='grc' dir='ltr'><strong>τρυφῆς</strong></span> <span class='ocrx_word' id='word_1_63' title='bbox 581 1408 613 1450; x_wconf 83' lang='grc' dir='ltr'><strong>τε</strong></span> <span class='ocrx_word' id='word_1_64' title='bbox 637 1379 747 1471; x_wconf 70' lang='grc' dir='ltr'>αὐτῆς,</span> <span class='ocrx_word' id='word_1_65' title='bbox 777 1385 864 1468; x_wconf 91' lang='lat' dir='ltr'><strong>apud</strong></span> <span class='ocrx_word' id='word_1_66' title='bbox 888 1387 1028 1450; x_wconf 87' lang='lat' dir='ltr'><strong>Cosmam</strong></span> <span class='ocrx_word' id='word_1_67' title='bbox 1058 1389 1091 1449; x_wconf 94' lang='lat' dir='ltr'><strong>in</strong></span> <span class='ocrx_word' id='word_1_68' title='bbox 1114 1387 1184 1450; x_wconf 84' lang='lat' dir='ltr'><strong>Maii</strong></span> <span class='ocrx_word' id='word_1_69' title='bbox 1205 1385 1375 1468; x_wconf 89' lang='lat' dir='ltr'><strong>Spicilegio</strong></span> <span class='ocrx_word' id='word_1_70' title='bbox 1397 1385 1507 1446; x_wconf 78' lang='lat' dir='ltr'><strong>Romano</strong></span> <span class='ocrx_word' id='word_1_71' title='bbox 1570 1381 1571 1456; x_wconf 64' lang='lat' dir='ltr'>I</span> 
     </span>
     <span class='ocr_line' id='line_1_10' title="bbox 347 1471 1571 1576; baseline -0.003 -24"><span class='ocrx_word' id='word_1_72' title='bbox 347 1501 370 1552; x_wconf 92' lang='lat' dir='ltr'><strong>t.</strong></span> <span class='ocrx_word' id='word_1_73' title='bbox 388 1509 410 1551; x_wconf 90' lang='lat' dir='ltr'><strong>u</strong></span> <span class='ocrx_word' id='word_1_74' title='bbox 434 1510 466 1572; x_wconf 91' lang='lat' dir='ltr'><strong>p.</strong></span> <span class='ocrx_word' id='word_1_75' title='bbox 486 1490 546 1551; x_wconf 73' lang='lat' dir='ltr'><strong>itt</strong></span> <span class='ocrx_word' id='word_1_76' title='bbox 568 1489 688 1572; x_wconf 88' lang='lat' dir='ltr'><strong>legitur</strong></span> <span class='ocrx_word' id='word_1_77' title='bbox 715 1486 807 1573; x_wconf 72' lang='grc' dir='ltr'>αὐτῆς</span> <span class='ocrx_word' id='word_1_78' title='bbox 836 1492 950 1576; x_wconf 80' lang='grc' dir='ltr'>τροφῆς</span> <span class='ocrx_word' id='word_1_79' title='bbox 977 1512 1011 1553; x_wconf 76' lang='grc' dir='ltr'><strong>τε</strong></span> <span class='ocrx_word' id='word_1_80' title='bbox 1037 1479 1065 1552; x_wconf 89' lang='grc' dir='ltr'><strong>τ’</strong></span> <span class='ocrx_word' id='word_1_81' title='bbox 1093 1482 1236 1574; x_wconf 73' lang='grc' dir='ltr'><strong>ἁλμυρόν.</strong></span> <span class='ocrx_word' id='word_1_82' title='bbox 1284 1488 1412 1569; x_wconf 81' lang='lat' dir='ltr'>adparet</span> <span class='ocrx_word' id='word_1_83' title='bbox 1435 1487 1505 1550; x_wconf 87' lang='lat' dir='ltr'><strong>etiam</strong></span> <span class='ocrx_word' id='word_1_84' title='bbox 1570 1471 1571 1528; x_wconf 64' lang='lat' dir='ltr'><strong>l</strong></span> 
     </span>
     <span class='ocr_line' id='line_1_11' title="bbox 347 1583 1504 1678; baseline -0.003 -26"><span class='ocrx_word' id='word_1_85' title='bbox 347 1592 398 1655; x_wconf 91' lang='lat' dir='ltr'><strong>hic</strong></span> <span class='ocrx_word' id='word_1_86' title='bbox 415 1591 620 1656; x_wconf 88' lang='lat' dir='ltr'><strong>scribendum</strong></span> <span class='ocrx_word' id='word_1_87' title='bbox 637 1612 708 1656; x_wconf 89' lang='lat' dir='ltr'><strong>esse</strong></span> <span class='ocrx_word' id='word_1_88' title='bbox 724 1593 871 1656; x_wconf 88' lang='lat' dir='ltr'><strong>similiter</strong></span> <span class='ocrx_word' id='word_1_89' title='bbox 888 1586 981 1676; x_wconf 76' lang='grc' dir='ltr'>αὐτῆς</span> <span class='ocrx_word' id='word_1_90' title='bbox 995 1595 1108 1678; x_wconf 84' lang='grc' dir='ltr'>τροφῆς</span> <span class='ocrx_word' id='word_1_91' title='bbox 1124 1590 1157 1655; x_wconf 83' lang='grc' dir='ltr'><strong>δὲ</strong></span> <span class='ocrx_word' id='word_1_92' title='bbox 1172 1583 1327 1676; x_wconf 79' lang='grc' dir='ltr'><strong>5ἆλμορὸν</strong></span> <span class='ocrx_word' id='word_1_93' title='bbox 1343 1583 1504 1654; x_wconf 66' lang='lat' dir='ltr'><strong>tormidet.</strong></span> 
     </span>
    </p>

    <p class='ocr_par' dir='ltr' id='par_1_5' title="bbox 347 1692 1571 1777">
     <span class='ocr_line' id='line_1_12' title="bbox 347 1692 1571 1777; baseline -0.007 -19"><span class='ocrx_word' id='word_1_94' title='bbox 347 1695 432 1777; x_wconf 91' lang='lat' dir='ltr'><strong>quod</strong></span> <span class='ocrx_word' id='word_1_95' title='bbox 454 1695 573 1759; x_wconf 87' lang='lat' dir='ltr'><strong>dicitur</strong></span> <span class='ocrx_word' id='word_1_96' title='bbox 594 1693 694 1776; x_wconf 78' lang='grc' dir='ltr'>τέλος,</span> <span class='ocrx_word' id='word_1_97' title='bbox 726 1695 760 1757; x_wconf 91' lang='lat' dir='ltr'><strong>id</strong></span> <span class='ocrx_word' id='word_1_98' title='bbox 783 1707 830 1758; x_wconf 91' lang='lat' dir='ltr'><strong>est</strong></span> <span class='ocrx_word' id='word_1_99' title='bbox 853 1697 992 1776; x_wconf 81' lang='lat' dir='ltr'><strong>tondeat,</strong></span> <span class='ocrx_word' id='word_1_100' title='bbox 1023 1695 1206 1758; x_wconf 89' lang='lat' dir='ltr'><strong>adcuratius</strong></span> <span class='ocrx_word' id='word_1_101' title='bbox 1228 1695 1471 1774; x_wconf 72' lang='lat' dir='ltr'><strong>intellegeremus</strong></span> <span class='ocrx_word' id='word_1_102' title='bbox 1487 1692 1506 1752; x_wconf 91' lang='lat' dir='ltr'><strong>si</strong></span> <span class='ocrx_word' id='word_1_103' title='bbox 1570 1748 1571 1772; x_wconf 33' lang='grc' dir='ltr'><strong>ρ</strong></span> 
     </span>
    </p>
   </div>
   <div class='ocr_carea' id='block_1_5' title="bbox 348 1783 1571 1882">
    <p class='ocr_par' dir='ltr' id='par_1_6' title="bbox 348 1783 1571 1882">
     <span class='ocr_line' id='line_1_13' title="bbox 348 1783 1571 1882; baseline 0.005 -22"><span class='ocrx_word' id='word_1_104' title='bbox 348 1801 450 1882; x_wconf 91' lang='lat' dir='ltr'><strong>ipsum</strong></span> <span class='ocrx_word' id='word_1_105' title='bbox 474 1809 598 1862; x_wconf 80' lang='lat' dir='ltr'><strong>extaret</strong></span> <span class='ocrx_word' id='word_1_106' title='bbox 620 1796 935 1879; x_wconf 85' lang='lat' dir='ltr'><strong>Cercidaecarmen.</strong></span> <span class='ocrx_word' id='word_1_107' title='bbox 1570 1783 1571 1866; x_wconf 46' lang='lat' dir='ltr'><strong>i</strong></span> 
     </span>
    </p>
   </div>
   <div class='ocr_carea' id='block_1_6' title="bbox 363 1887 1104 1997">
    <p class='ocr_par' dir='ltr' id='par_1_7' title="bbox 363 1887 1104 1997">
     <span class='ocr_line' id='line_1_14' title="bbox 363 1887 1104 1997; baseline 0.001 -36"><span class='ocrx_word' id='word_1_108' title='bbox 363 1969 365 1983; x_wconf 49' lang='grc'><strong>,</strong></span> <span class='ocrx_word' id='word_1_109' title='bbox 431 1887 608 1997; x_wconf 56' lang='lat' dir='ltr'><strong>taxatus</strong></span> <span class='ocrx_word' id='word_1_110' title='bbox 638 1901 795 1982; x_wconf 79' lang='lat' dir='ltr'><strong>Meleager</strong></span> <span class='ocrx_word' id='word_1_111' title='bbox 816 1900 913 1963; x_wconf 78' lang='lat' dir='ltr'><strong>loth.</strong></span> <span class='ocrx_word' id='word_1_112' title='bbox 931 1899 995 1964; x_wconf 89' lang='lat' dir='ltr'><strong>Pal.</strong></span> <span class='ocrx_word' id='word_1_113' title='bbox 1014 1920 1033 1961; x_wconf 88' lang='grc' dir='ltr'>ν</span> <span class='ocrx_word' id='word_1_114' title='bbox 1050 1902 1104 1962; x_wconf 78' lang='lat' dir='ltr'><strong>ill</strong></span> 
     </span>
    </p>
   </div>
   <div class='ocr_carea' id='block_1_7' title="bbox 408 1995 1382 2118">
    <p class='ocr_par' dir='ltr' id='par_1_8' title="bbox 408 1995 1382 2118">
     <span class='ocr_line' id='line_1_15' title="bbox 408 1995 1382 2118; baseline -0.007 -22"><span class='ocrx_word' id='word_1_115' title='bbox 408 2090 422 2110; x_wconf 62' lang='grc'><strong>,,</strong></span> <span class='ocrx_word' id='word_1_116' title='bbox 465 2000 476 2014; x_wconf 22' lang='grc' dir='ltr'><strong>’Ἠ</strong></span> <span class='ocrx_word' id='word_1_117' title='bbox 502 2025 570 2108; x_wconf 72' lang='grc' dir='ltr'><strong>Ναὶ1</strong></span> <span class='ocrx_word' id='word_1_118' title='bbox 584 2025 634 2118; x_wconf 60' lang='grc' dir='ltr'><strong>μὸν</strong></span> <span class='ocrx_word' id='word_1_119' title='bbox 649 1995 786 2114; x_wconf 41' lang='grc' dir='ltr'><strong>Ἔρωτα,</strong></span> <span class='ocrx_word' id='word_1_120' title='bbox 811 1995 894 2093; x_wconf 72' lang='lat' dir='ltr'><strong>utto</strong></span> <span class='ocrx_word' id='word_1_121' title='bbox 915 2023 948 2094; x_wconf 76' lang='grc' dir='ltr'><strong>τὸ</strong></span> <span class='ocrx_word' id='word_1_122' title='bbox 970 2023 1042 2113; x_wconf 83' lang='grc' dir='ltr'><strong>παρ’</strong></span> <span class='ocrx_word' id='word_1_123' title='bbox 1070 2019 1175 2093; x_wconf 74' lang='grc' dir='ltr'>οὔασιν</span> <span class='ocrx_word' id='word_1_124' title='bbox 1192 2023 1382 2114; x_wconf 76' lang='grc' dir='ltr'>Ἡλιοδώρας</span> 
     </span>
    </p>
   </div>
   <div class='ocr_carea' id='block_1_8' title="bbox 532 2123 1571 2218">
    <p class='ocr_par' dir='ltr' id='par_1_9' title="bbox 532 2123 1571 2218">
     <span class='ocr_line' id='line_1_16' title="bbox 532 2123 1571 2218; baseline 0.013 -28"><span class='ocrx_word' id='word_1_125' title='bbox 532 2132 677 2218; x_wconf 30' lang='grc' dir='ltr'><strong>’.φθέγμα</strong></span> <span class='ocrx_word' id='word_1_126' title='bbox 698 2126 799 2197; x_wconf 69' lang='grc' dir='ltr'>κλύειν</span> <span class='ocrx_word' id='word_1_127' title='bbox 821 2123 841 2216; x_wconf 80' lang='grc' dir='ltr'><strong>ἢ</strong></span> <span class='ocrx_word' id='word_1_128' title='bbox 863 2137 917 2204; x_wconf 79' lang='grc' dir='ltr'><strong>τᾶς</strong></span> <span class='ocrx_word' id='word_1_129' title='bbox 939 2129 1094 2197; x_wconf 65' lang='lat' dir='ltr'><strong>neretum</strong></span> <span class='ocrx_word' id='word_1_130' title='bbox 1116 2126 1256 2218; x_wconf 68' lang='grc' dir='ltr'><strong>κιθάρας.</strong></span> <span class='ocrx_word' id='word_1_131' title='bbox 1570 2125 1571 2204; x_wconf 60' lang='grc' dir='ltr'>λ</span> 
     </span>
    </p>
   </div>
   <div class='ocr_carea' id='block_1_9' title="bbox 347 2256 1509 2342">
    <p class='ocr_par' dir='ltr' id='par_1_10' title="bbox 347 2213 1571 2342">
     <span class='ocr_line' id='line_1_17' title="bbox 347 2256 1509 2342; baseline -0.005 -20"><span class='ocrx_word' id='word_1_132' title='bbox 347 2259 522 2324; x_wconf 84' lang='lat' dir='ltr'><strong>Lobeokius</strong></span> <span class='ocrx_word' id='word_1_133' title='bbox 533 2258 585 2324; x_wconf 77' lang='lat' dir='ltr'><strong>lt.</strong></span> <span class='ocrx_word' id='word_1_134' title='bbox 605 2281 637 2342; x_wconf 89' lang='lat' dir='ltr'><strong>p.</strong></span> <span class='ocrx_word' id='word_1_135' title='bbox 656 2261 719 2324; x_wconf 74' lang='lat'><strong>332</strong></span> <span class='ocrx_word' id='word_1_136' title='bbox 735 2263 845 2324; x_wconf 72' lang='lat' dir='ltr'><strong>stamit</strong></span> <span class='ocrx_word' id='word_1_137' title='bbox 858 2280 921 2324; x_wconf 89' lang='lat' dir='ltr'><strong>non</strong></span> <span class='ocrx_word' id='word_1_138' title='bbox 935 2261 1081 2324; x_wconf 79' lang='lat' dir='ltr'><strong>diversos</strong></span> <span class='ocrx_word' id='word_1_139' title='bbox 1096 2261 1260 2322; x_wconf 83' lang='lat' dir='ltr'><strong>nominum</strong></span> <span class='ocrx_word' id='word_1_140' title='bbox 1276 2279 1367 2322; x_wconf 85' lang='lat' dir='ltr'><strong>casus</strong></span> <span class='ocrx_word' id='word_1_141' title='bbox 1382 2277 1421 2321; x_wconf 77' lang='lat' dir='ltr'><strong>ex</strong></span> <span class='ocrx_word' id='word_1_142' title='bbox 1433 2256 1509 2319; x_wconf 80' lang='lat' dir='ltr'><strong>verbo</strong></span> 
     </span>
    </p>
   </div>
   <div class='ocr_carea' id='block_1_10' title="bbox 290 2356 1571 4601">
    <p class='ocr_par' dir='ltr' id='par_1_11' title="bbox 290 2333 1571 4601">
     <span class='ocr_line' id='line_1_18' title="bbox 349 2356 1507 2447; baseline -0.001 -22"><span class='ocrx_word' id='word_1_143' title='bbox 349 2381 521 2444; x_wconf 83' lang='lat' dir='ltr'><strong>suspensos</strong></span> <span class='ocrx_word' id='word_1_144' title='bbox 542 2383 629 2444; x_wconf 90' lang='lat' dir='ltr'><strong>esse,</strong></span> <span class='ocrx_word' id='word_1_145' title='bbox 661 2363 718 2426; x_wconf 89' lang='lat' dir='ltr'><strong>sed</strong></span> <span class='ocrx_word' id='word_1_146' title='bbox 742 2363 990 2444; x_wconf 70' lang='lat' dir='ltr'><strong>intellegendum</strong></span> <span class='ocrx_word' id='word_1_147' title='bbox 1021 2381 1091 2432; x_wconf 85' lang='lat' dir='ltr'><strong>esee</strong></span> <span class='ocrx_word' id='word_1_148' title='bbox 1118 2358 1153 2426; x_wconf 84' lang='grc' dir='ltr'><strong>τὸ</strong></span> <span class='ocrx_word' id='word_1_149' title='bbox 1173 2365 1227 2447; x_wconf 72' lang='grc' dir='ltr'><strong>τῆς</strong></span> <span class='ocrx_word' id='word_1_150' title='bbox 1248 2356 1378 2446; x_wconf 65' lang='grc' dir='ltr'><strong>κιθάρας</strong></span> <span class='ocrx_word' id='word_1_151' title='bbox 1398 2358 1507 2446; x_wconf 60' lang='lat' dir='ltr'><strong>pilipp.</strong></span> 
     </span>
     <span class='ocr_line' id='line_1_19' title="bbox 347 2463 1508 2547; baseline -0.006 -19"><span class='ocrx_word' id='word_1_152' title='bbox 347 2475 503 2546; x_wconf 85' lang='lat' dir='ltr'><strong>putatque</strong></span> <span class='ocrx_word' id='word_1_153' title='bbox 528 2466 566 2530; x_wconf 85' lang='lat' dir='ltr'><strong>-id</strong></span> <span class='ocrx_word' id='word_1_154' title='bbox 598 2466 768 2530; x_wconf 87' lang='lat' dir='ltr'><strong>ostendere</strong></span> <span class='ocrx_word' id='word_1_155' title='bbox 802 2467 1009 2528; x_wconf 85' lang='lat' dir='ltr'><strong>imitationem</strong></span> <span class='ocrx_word' id='word_1_156' title='bbox 1037 2465 1189 2547; x_wconf 80' lang='lat' dir='ltr'><strong>Agathiao</strong></span> <span class='ocrx_word' id='word_1_157' title='bbox 1211 2464 1308 2528; x_wconf 79' lang='lat' dir='ltr'><strong>Anth.</strong></span> <span class='ocrx_word' id='word_1_158' title='bbox 1333 2465 1396 2527; x_wconf 82' lang='lat' dir='ltr'><strong>Pal.</strong></span> <span class='ocrx_word' id='word_1_159' title='bbox 1419 2463 1508 2531; x_wconf 74' lang='lat' dir='ltr'><strong>rili,</strong></span> 
     </span>
     <span class='ocr_line' id='line_1_20' title="bbox 347 2558 1510 2653; baseline 0 -22"><span class='ocrx_word' id='word_1_160' title='bbox 347 2561 428 2632; x_wconf 77' lang='grc' dir='ltr'>ἀλλὰ</span> <span class='ocrx_word' id='word_1_161' title='bbox 449 2565 478 2632; x_wconf 79' lang='grc' dir='ltr'><strong>τί</strong></span> <span class='ocrx_word' id='word_1_162' title='bbox 500 2593 551 2652; x_wconf 89' lang='grc' dir='ltr'><strong>μοι</strong></span> <span class='ocrx_word' id='word_1_163' title='bbox 572 2574 631 2632; x_wconf 76' lang='grc' dir='ltr'><strong>τῶν</strong></span> <span class='ocrx_word' id='word_1_164' title='bbox 654 2560 741 2652; x_wconf 81' lang='grc' dir='ltr'>ἦδος,</span> <span class='ocrx_word' id='word_1_165' title='bbox 774 2565 840 2632; x_wconf 73' lang='grc' dir='ltr'><strong>ἐπεὶ</strong></span> <span class='ocrx_word' id='word_1_166' title='bbox 869 2567 919 2632; x_wconf 70' lang='lat' dir='ltr'><strong>odo</strong></span> <span class='ocrx_word' id='word_1_167' title='bbox 943 2568 1037 2653; x_wconf 75' lang='grc' dir='ltr'>μῦθον</span> <span class='ocrx_word' id='word_1_168' title='bbox 1061 2563 1181 2632; x_wconf 76' lang='grc' dir='ltr'>ἀκούειν</span> <span class='ocrx_word' id='word_1_169' title='bbox 1204 2559 1343 2632; x_wconf 75' lang='grc' dir='ltr'>Ἤθαλον</span> <span class='ocrx_word' id='word_1_170' title='bbox 1365 2558 1385 2652; x_wconf 82' lang='grc' dir='ltr'>ἢ</span> <span class='ocrx_word' id='word_1_171' title='bbox 1405 2558 1510 2648; x_wconf 65' lang='grc' dir='ltr'><strong>κιθάρας</strong></span> 
     </span>
     <span class='ocr_line' id='line_1_21' title="bbox 346 2665 1510 2757; baseline -0.009 -23"><span class='ocrx_word' id='word_1_172' title='bbox 346 2668 521 2757; x_wconf 73' lang='grc' dir='ltr'><strong>κρούσματα</strong></span> <span class='ocrx_word' id='word_1_173' title='bbox 536 2668 702 2756; x_wconf 56' lang='grc' dir='ltr'>Δηλιάδος</span> <span class='ocrx_word' id='word_1_174' title='bbox 728 2671 807 2734; x_wconf 91' lang='lat' dir='ltr'><strong>mihi</strong></span> <span class='ocrx_word' id='word_1_175' title='bbox 830 2691 870 2734; x_wconf 83' lang='lat' dir='ltr'><strong>ex</strong></span> <span class='ocrx_word' id='word_1_176' title='bbox 892 2673 1067 2734; x_wconf 77' lang='lat' dir='ltr'><strong>imitatione</strong></span> <span class='ocrx_word' id='word_1_177' title='bbox 1081 2670 1233 2752; x_wconf 67' lang='lat' dir='ltr'><strong>agathiae</strong></span> <span class='ocrx_word' id='word_1_178' title='bbox 1256 2669 1336 2733; x_wconf 93' lang='lat' dir='ltr'><strong>illud</strong></span> <span class='ocrx_word' id='word_1_179' title='bbox 1358 2689 1419 2732; x_wconf 92' lang='lat' dir='ltr'><strong>non</strong></span> <span class='ocrx_word' id='word_1_180' title='bbox 1439 2665 1510 2726; x_wconf 80' lang='lat' dir='ltr'><strong>tide-</strong></span> 
     </span>
     <span class='ocr_line' id='line_1_22' title="bbox 346 2773 1511 2856; baseline -0.009 -18"><span class='ocrx_word' id='word_1_181' title='bbox 346 2786 400 2838; x_wconf 90' lang='lat' dir='ltr'><strong>tur</strong></span> <span class='ocrx_word' id='word_1_182' title='bbox 421 2795 514 2856; x_wconf 82' lang='lat' dir='ltr'><strong>posse</strong></span> <span class='ocrx_word' id='word_1_183' title='bbox 537 2775 652 2856; x_wconf 90' lang='lat' dir='ltr'><strong>colligi.</strong></span> <span class='ocrx_word' id='word_1_184' title='bbox 693 2783 897 2855; x_wconf 80' lang='lat' dir='ltr'><strong>expectamus</strong></span> <span class='ocrx_word' id='word_1_185' title='bbox 920 2785 1024 2838; x_wconf 88' lang='lat' dir='ltr'><strong>autem</strong></span> <span class='ocrx_word' id='word_1_186' title='bbox 1051 2773 1084 2834; x_wconf 91' lang='lat' dir='ltr'><strong>in</strong></span> <span class='ocrx_word' id='word_1_187' title='bbox 1106 2783 1170 2836; x_wconf 88' lang='lat' dir='ltr'><strong>tam</strong></span> <span class='ocrx_word' id='word_1_188' title='bbox 1193 2773 1285 2835; x_wconf 88' lang='lat' dir='ltr'><strong>brevi</strong></span> <span class='ocrx_word' id='word_1_189' title='bbox 1309 2775 1511 2854; x_wconf 75' lang='lat' dir='ltr'><strong>epigrammate</strong></span> 
     </span>
     <span class='ocr_line' id='line_1_23' title="bbox 347 2871 1511 2958; baseline -0.007 -19"><span class='ocrx_word' id='word_1_190' title='bbox 347 2878 520 2940; x_wconf 82' lang='lat' dir='ltr'><strong>orationem</strong></span> <span class='ocrx_word' id='word_1_191' title='bbox 542 2879 766 2958; x_wconf 83' lang='lat' dir='ltr'><strong>simpliciorem</strong></span> <span class='ocrx_word' id='word_1_192' title='bbox 788 2887 820 2939; x_wconf 91' lang='lat' dir='ltr'><strong>et</strong></span> <span class='ocrx_word' id='word_1_193' title='bbox 842 2878 1077 2958; x_wconf 84' lang='lat' dir='ltr'><strong>elegantiorem.</strong></span> <span class='ocrx_word' id='word_1_194' title='bbox 1120 2877 1223 2957; x_wconf 86' lang='lat' dir='ltr'><strong>qualis</strong></span> <span class='ocrx_word' id='word_1_195' title='bbox 1244 2875 1353 2957; x_wconf 82' lang='lat' dir='ltr'><strong>prodit</strong></span> <span class='ocrx_word' id='word_1_196' title='bbox 1373 2877 1399 2938; x_wconf 89' lang='lat' dir='ltr'><strong>si</strong></span> <span class='ocrx_word' id='word_1_197' title='bbox 1420 2871 1511 2935; x_wconf 86' lang='lat' dir='ltr'><strong>scribi-</strong></span> 
     </span>
     <span class='ocr_line' id='line_1_24' title="bbox 347 2972 1513 3064; baseline -0.005 -22"><span class='ocrx_word' id='word_1_198' title='bbox 347 2999 419 3043; x_wconf 86' lang='lat' dir='ltr'><strong>mus</strong></span> <span class='ocrx_word' id='word_1_199' title='bbox 440 2972 460 3064; x_wconf 83' lang='grc' dir='ltr'><strong>ἢ</strong></span> <span class='ocrx_word' id='word_1_200' title='bbox 482 2976 536 3052; x_wconf 68' lang='lat' dir='ltr'><strong>nd&lt;</strong></span> <span class='ocrx_word' id='word_1_201' title='bbox 551 2975 706 3063; x_wconf 75' lang='grc' dir='ltr'><strong>Λητοΐδαο</strong></span> <span class='ocrx_word' id='word_1_202' title='bbox 721 2973 859 3064; x_wconf 80' lang='grc' dir='ltr'><strong>κιθάρας.</strong></span> <span class='ocrx_word' id='word_1_203' title='bbox 895 2988 1063 3061; x_wconf 89' lang='lat' dir='ltr'><strong>postquam</strong></span> <span class='ocrx_word' id='word_1_204' title='bbox 1085 2975 1165 3042; x_wconf 86' lang='grc' dir='ltr'><strong>ΤΑΣ</strong></span> <span class='ocrx_word' id='word_1_205' title='bbox 1187 2980 1268 3040; x_wconf 88' lang='lat' dir='ltr'><strong>male</strong></span> <span class='ocrx_word' id='word_1_206' title='bbox 1283 2980 1387 3040; x_wconf 83' lang='lat' dir='ltr'><strong>visum</strong></span> <span class='ocrx_word' id='word_1_207' title='bbox 1403 2987 1446 3038; x_wconf 86' lang='lat' dir='ltr'><strong>est</strong></span> <span class='ocrx_word' id='word_1_208' title='bbox 1459 2993 1513 3036; x_wconf 76' lang='lat' dir='ltr'><strong>esse</strong></span> 
     </span>
     <span class='ocr_line' id='line_1_25' title="bbox 347 3079 1514 3165; baseline -0.007 -19"><span class='ocrx_word' id='word_1_209' title='bbox 347 3084 400 3154; x_wconf 82' lang='grc' dir='ltr'><strong>τᾶς</strong></span> <span class='ocrx_word' id='word_1_210' title='bbox 422 3093 534 3165; x_wconf 90' lang='lat' dir='ltr'><strong>sponte</strong></span> <span class='ocrx_word' id='word_1_211' title='bbox 556 3093 665 3145; x_wconf 89' lang='lat' dir='ltr'><strong>natum</strong></span> <span class='ocrx_word' id='word_1_212' title='bbox 688 3091 736 3144; x_wconf 87' lang='lat' dir='ltr'><strong>est</strong></span> <span class='ocrx_word' id='word_1_213' title='bbox 758 3079 927 3164; x_wconf 79' lang='grc' dir='ltr'>Αααοΐδαον,</span> <span class='ocrx_word' id='word_1_214' title='bbox 961 3101 1019 3163; x_wconf 92' lang='lat' dir='ltr'><strong>pro</strong></span> <span class='ocrx_word' id='word_1_215' title='bbox 1041 3101 1104 3162; x_wconf 91' lang='lat' dir='ltr'><strong>quo</strong></span> <span class='ocrx_word' id='word_1_216' title='bbox 1127 3084 1161 3143; x_wconf 93' lang='lat' dir='ltr'><strong>in</strong></span> <span class='ocrx_word' id='word_1_217' title='bbox 1183 3081 1291 3143; x_wconf 88' lang='lat' dir='ltr'><strong>codice</strong></span> <span class='ocrx_word' id='word_1_218' title='bbox 1316 3081 1446 3142; x_wconf 89' lang='lat' dir='ltr'><strong>Palatino</strong></span> <span class='ocrx_word' id='word_1_219' title='bbox 1466 3079 1514 3139; x_wconf 91' lang='grc' dir='ltr'><strong>λο-</strong></span> 
     </span>
     <span class='ocr_line' id='line_1_26' title="bbox 347 3169 1516 3268; baseline -0.008 -20"><span class='ocrx_word' id='word_1_220' title='bbox 347 3181 454 3268; x_wconf 78' lang='grc' dir='ltr'><strong>τρίδοοι</strong></span> <span class='ocrx_word' id='word_1_221' title='bbox 477 3186 628 3266; x_wconf 89' lang='lat' dir='ltr'><strong>scripturn</strong></span> <span class='ocrx_word' id='word_1_222' title='bbox 650 3195 717 3262; x_wconf 82' lang='lat' dir='ltr'><strong>est3</strong></span> <span class='ocrx_word' id='word_1_223' title='bbox 759 3184 816 3246; x_wconf 90' lang='lat' dir='ltr'><strong>sed</strong></span> <span class='ocrx_word' id='word_1_224' title='bbox 839 3169 993 3268; x_wconf 72' lang='grc' dir='ltr'>Ληαοῖδειο</span> <span class='ocrx_word' id='word_1_225' title='bbox 1016 3183 1114 3247; x_wconf 87' lang='lat' dir='ltr'><strong>habet</strong></span> <span class='ocrx_word' id='word_1_226' title='bbox 1135 3183 1303 3264; x_wconf 80' lang='lat' dir='ltr'><strong>PlanudeS,</strong></span> <span class='ocrx_word' id='word_1_227' title='bbox 1329 3202 1431 3264; x_wconf 88' lang='lat' dir='ltr'><strong>neque</strong></span> <span class='ocrx_word' id='word_1_228' title='bbox 1450 3197 1516 3260; x_wconf 91' lang='lat' dir='ltr'><strong>opus</strong></span> 
     </span>
     <span class='ocr_line' id='line_1_27' title="bbox 348 3276 1571 3368; baseline -0.003 -20"><span class='ocrx_word' id='word_1_229' title='bbox 348 3297 396 3350; x_wconf 87' lang='lat' dir='ltr'><strong>est</strong></span> <span class='ocrx_word' id='word_1_230' title='bbox 418 3296 454 3349; x_wconf 89' lang='lat' dir='ltr'><strong>ut</strong></span> <span class='ocrx_word' id='word_1_231' title='bbox 475 3288 666 3368; x_wconf 82' lang='lat' dir='ltr'><strong>Meleagrum</strong></span> <span class='ocrx_word' id='word_1_232' title='bbox 695 3286 844 3350; x_wconf 83' lang='lat' dir='ltr'><strong>dialectos</strong></span> <span class='ocrx_word' id='word_1_233' title='bbox 871 3288 1035 3350; x_wconf 85' lang='lat' dir='ltr'><strong>miscuisse</strong></span> <span class='ocrx_word' id='word_1_234' title='bbox 1063 3297 1223 3368; x_wconf 84' lang='lat' dir='ltr'><strong>putemus.</strong></span> <span class='ocrx_word' id='word_1_235' title='bbox 1262 3287 1384 3367; x_wconf 88' lang='lat' dir='ltr'><strong>plurale</strong></span> <span class='ocrx_word' id='word_1_236' title='bbox 1405 3276 1515 3365; x_wconf 73' lang='grc' dir='ltr'><strong>κιθάρας</strong></span> <span class='ocrx_word' id='word_1_237' title='bbox 1570 3333 1571 3344; x_wconf 37' lang='lat' dir='ltr'><strong>t</strong></span> 
     </span>
     <span class='ocr_line' id='line_1_28' title="bbox 348 3361 1571 3471; baseline -0.007 -19"><span class='ocrx_word' id='word_1_238' title='bbox 348 3408 454 3469; x_wconf 89' lang='lat' dir='ltr'><strong>neque</strong></span> <span class='ocrx_word' id='word_1_239' title='bbox 475 3409 535 3471; x_wconf 88' lang='lat' dir='ltr'><strong>per</strong></span> <span class='ocrx_word' id='word_1_240' title='bbox 557 3408 591 3450; x_wconf 89' lang='lat' dir='ltr'><strong>se</strong></span> <span class='ocrx_word' id='word_1_241' title='bbox 614 3398 718 3469; x_wconf 87' lang='lat' dir='ltr'><strong>potest</strong></span> <span class='ocrx_word' id='word_1_242' title='bbox 739 3389 902 3453; x_wconf 79' lang='lat' dir='ltr'><strong>offendero</strong></span> <span class='ocrx_word' id='word_1_243' title='bbox 924 3400 957 3453; x_wconf 93' lang='lat' dir='ltr'><strong>et</strong></span> <span class='ocrx_word' id='word_1_244' title='bbox 979 3391 1074 3452; x_wconf 84' lang='lat' dir='ltr'><strong>locuti</strong></span> <span class='ocrx_word' id='word_1_245' title='bbox 1089 3401 1164 3454; x_wconf 89' lang='lat' dir='ltr'><strong>sunt</strong></span> <span class='ocrx_word' id='word_1_246' title='bbox 1179 3391 1233 3452; x_wconf 90' lang='lat' dir='ltr'><strong>alii</strong></span> <span class='ocrx_word' id='word_1_247' title='bbox 1254 3389 1412 3451; x_wconf 86' lang='lat' dir='ltr'><strong>similiter.</strong></span> <span class='ocrx_word' id='word_1_248' title='bbox 1445 3381 1513 3465; x_wconf 89' lang='lat' dir='ltr'><strong>apud</strong></span> <span class='ocrx_word' id='word_1_249' title='bbox 1570 3361 1571 3442; x_wconf 72' lang='grc' dir='ltr'>λ</span> 
     </span>
     <span class='ocr_line' id='line_1_29' title="bbox 348 3490 1571 3582; baseline -0.005 -28"><span class='ocrx_word' id='word_1_250' title='bbox 348 3493 497 3555; x_wconf 90' lang='lat' dir='ltr'><strong>Ovidium</strong></span> <span class='ocrx_word' id='word_1_251' title='bbox 513 3495 585 3556; x_wconf 91' lang='lat' dir='ltr'><strong>Met.</strong></span> <span class='ocrx_word' id='word_1_252' title='bbox 604 3511 613 3552; x_wconf 90' lang='lat'>1</span> <span class='ocrx_word' id='word_1_253' title='bbox 631 3492 691 3552; x_wconf 90' lang='grc'><strong>559</strong></span> <span class='ocrx_word' id='word_1_254' title='bbox 714 3490 825 3572; x_wconf 80' lang='lat' dir='ltr'><strong>Apollo</strong></span> <span class='ocrx_word' id='word_1_255' title='bbox 847 3493 926 3556; x_wconf 89' lang='lat' dir='ltr'><strong>haec</strong></span> <span class='ocrx_word' id='word_1_256' title='bbox 947 3492 1035 3572; x_wconf 88' lang='lat' dir='ltr'><strong>dicit,</strong></span> <span class='ocrx_word' id='word_1_257' title='bbox 1062 3511 1182 3574; x_wconf 81' lang='lat' dir='ltr'><strong>eeurper</strong></span> <span class='ocrx_word' id='word_1_258' title='bbox 1204 3491 1355 3554; x_wconf 78' lang='lat' dir='ltr'><strong>debebunt</strong></span> <span class='ocrx_word' id='word_1_259' title='bbox 1380 3493 1416 3553; x_wconf 85' lang='lat' dir='ltr'><strong>Tc</strong></span> <span class='ocrx_word' id='word_1_260' title='bbox 1435 3507 1513 3551; x_wconf 83' lang='lat' dir='ltr'><strong>como</strong></span> <span class='ocrx_word' id='word_1_261' title='bbox 1570 3525 1571 3582; x_wconf 61' lang='grc' dir='ltr'><strong>ρ</strong></span> 
     </span>
     <span class='ocr_line' id='line_1_30' title="bbox 348 3583 1571 3677; baseline -0.011 -19"><span class='ocrx_word' id='word_1_262' title='bbox 348 3603 375 3658; x_wconf 85' lang='lat' dir='ltr'><strong>te</strong></span> <span class='ocrx_word' id='word_1_263' title='bbox 397 3595 543 3672; x_wconf 73' lang='grc' dir='ltr'>οιλλαναα,</span> <span class='ocrx_word' id='word_1_264' title='bbox 568 3604 595 3657; x_wconf 89' lang='lat' dir='ltr'><strong>te</strong></span> <span class='ocrx_word' id='word_1_265' title='bbox 616 3603 749 3671; x_wconf 69' lang='lat' dir='ltr'><strong>cosmoe,</strong></span> <span class='ocrx_word' id='word_1_266' title='bbox 775 3597 874 3675; x_wconf 70' lang='lat' dir='ltr'><strong>ioum,</strong></span> <span class='ocrx_word' id='word_1_267' title='bbox 894 3595 1071 3676; x_wconf 74' lang='lat' dir='ltr'><strong>pharetrae.</strong></span> <span class='ocrx_word' id='word_1_268' title='bbox 1101 3595 1158 3658; x_wconf 91' lang='lat' dir='ltr'><strong>ubi</strong></span> <span class='ocrx_word' id='word_1_269' title='bbox 1181 3613 1356 3677; x_wconf 87' lang='lat' dir='ltr'><strong>pronomen</strong></span> <span class='ocrx_word' id='word_1_270' title='bbox 1372 3589 1513 3675; x_wconf 85' lang='lat' dir='ltr'><strong>posteriori</strong></span> <span class='ocrx_word' id='word_1_271' title='bbox 1570 3583 1571 3590; x_wconf 73' lang='grc'>’</span> 
     </span>
     <span class='ocr_line' id='line_1_31' title="bbox 347 3691 1513 3780; baseline -0.003 -20"><span class='ocrx_word' id='word_1_272' title='bbox 347 3701 497 3762; x_wconf 87' lang='lat' dir='ltr'><strong>orationis</strong></span> <span class='ocrx_word' id='word_1_273' title='bbox 520 3700 603 3780; x_wconf 89' lang='lat' dir='ltr'><strong>parti</strong></span> <span class='ocrx_word' id='word_1_274' title='bbox 627 3717 664 3760; x_wconf 88' lang='lat' dir='ltr'><strong>ea</strong></span> <span class='ocrx_word' id='word_1_275' title='bbox 685 3697 806 3780; x_wconf 81' lang='lat' dir='ltr'><strong>figurae</strong></span> <span class='ocrx_word' id='word_1_276' title='bbox 835 3691 894 3760; x_wconf 82' lang='grc' dir='ltr'><strong>ἀπὸ</strong></span> <span class='ocrx_word' id='word_1_277' title='bbox 920 3701 1022 3762; x_wconf 77' lang='grc' dir='ltr'>κοινοῦ</span> <span class='ocrx_word' id='word_1_278' title='bbox 1050 3698 1158 3779; x_wconf 88' lang='lat' dir='ltr'><strong>speeie</strong></span> <span class='ocrx_word' id='word_1_279' title='bbox 1181 3706 1380 3759; x_wconf 82' lang='lat' dir='ltr'><strong>reservatum</strong></span> <span class='ocrx_word' id='word_1_280' title='bbox 1401 3705 1447 3758; x_wconf 86' lang='lat' dir='ltr'><strong>est</strong></span> <span class='ocrx_word' id='word_1_281' title='bbox 1465 3709 1513 3772; x_wconf 78' lang='lat' dir='ltr'><strong>qut</strong></span> 
     </span>
     <span class='ocr_line' id='line_1_32' title="bbox 348 3799 1513 3876; baseline -0.003 -13"><span class='ocrx_word' id='word_1_282' title='bbox 348 3802 488 3864; x_wconf 85' lang='lat' dir='ltr'><strong>Catullus</strong></span> <span class='ocrx_word' id='word_1_283' title='bbox 516 3800 598 3862; x_wconf 84' lang='lat' dir='ltr'><strong>dixit</strong></span> <span class='ocrx_word' id='word_1_284' title='bbox 627 3802 765 3864; x_wconf 88' lang='lat' dir='ltr'><strong>carmine</strong></span> <span class='ocrx_word' id='word_1_285' title='bbox 793 3801 833 3860; x_wconf 89' lang='grc'><strong>56</strong></span> <span class='ocrx_word' id='word_1_286' title='bbox 867 3802 979 3863; x_wconf 83' lang='lat' dir='ltr'><strong>Orem</strong></span> <span class='ocrx_word' id='word_1_287' title='bbox 1000 3799 1183 3876; x_wconf 66' lang='lat' dir='ltr'><strong>t‘idiotelom,</strong></span> <span class='ocrx_word' id='word_1_288' title='bbox 1221 3799 1311 3875; x_wconf 80' lang='lat' dir='ltr'><strong>Coto,</strong></span> <span class='ocrx_word' id='word_1_289' title='bbox 1347 3807 1375 3862; x_wconf 82' lang='lat' dir='ltr'><strong>ct</strong></span> <span class='ocrx_word' id='word_1_290' title='bbox 1404 3801 1513 3860; x_wconf 81' lang='lat' dir='ltr'><strong>iocotott</strong></span> 
     </span>
     <span class='ocr_line' id='line_1_33' title="bbox 347 3894 1513 3988; baseline -0.005 -22"><span class='ocrx_word' id='word_1_291' title='bbox 347 3906 536 3988; x_wconf 69' lang='lat' dir='ltr'><strong>Dignomquc</strong></span> <span class='ocrx_word' id='word_1_292' title='bbox 558 3903 687 3966; x_wconf 81' lang='lat' dir='ltr'><strong>auribus</strong></span> <span class='ocrx_word' id='word_1_293' title='bbox 710 3911 738 3966; x_wconf 86' lang='lat' dir='ltr'><strong>et</strong></span> <span class='ocrx_word' id='word_1_294' title='bbox 759 3911 809 3966; x_wconf 85' lang='lat' dir='ltr'><strong>tuo</strong></span> <span class='ocrx_word' id='word_1_295' title='bbox 831 3903 987 3966; x_wconf 73' lang='lat' dir='ltr'><strong>coctione.</strong></span> <span class='ocrx_word' id='word_1_296' title='bbox 1028 3904 1122 3966; x_wconf 89' lang='lat' dir='ltr'><strong>locuti</strong></span> <span class='ocrx_word' id='word_1_297' title='bbox 1147 3905 1191 3966; x_wconf 88' lang='lat' dir='ltr'><strong>ita</strong></span> <span class='ocrx_word' id='word_1_298' title='bbox 1212 3911 1287 3964; x_wconf 89' lang='lat' dir='ltr'><strong>sunt</strong></span> <span class='ocrx_word' id='word_1_299' title='bbox 1310 3902 1403 3964; x_wconf 88' lang='lat' dir='ltr'><strong>etiam</strong></span> <span class='ocrx_word' id='word_1_300' title='bbox 1425 3894 1513 3960; x_wconf 66' lang='lat' dir='ltr'><strong>Gemi</strong></span> 
     </span>
     <span class='ocr_line' id='line_1_34' title="bbox 290 3995 1514 4089; baseline -0.007 -18"><span class='ocrx_word' id='word_1_301' title='bbox 290 4026 338 4074; x_wconf 73' lang='grc' dir='ltr'><strong>ιιι</strong></span> <span class='ocrx_word' id='word_1_302' title='bbox 349 4017 471 4088; x_wconf 91' lang='lat' dir='ltr'><strong>poetae.</strong></span> <span class='ocrx_word' id='word_1_303' title='bbox 503 4007 672 4087; x_wconf 87' lang='lat' dir='ltr'><strong>Sophocles</strong></span> <span class='ocrx_word' id='word_1_304' title='bbox 688 3995 777 4068; x_wconf 90' lang='lat' dir='ltr'><strong>Oed.¹</strong></span> <span class='ocrx_word' id='word_1_305' title='bbox 794 4006 859 4068; x_wconf 76' lang='lat' dir='ltr'><strong>Col.</strong></span> <span class='ocrx_word' id='word_1_306' title='bbox 879 4006 960 4066; x_wconf 75' lang='grc'>4399</span> <span class='ocrx_word' id='word_1_307' title='bbox 977 4001 1059 4089; x_wconf 83' lang='grc' dir='ltr'>οἶμαι</span> <span class='ocrx_word' id='word_1_308' title='bbox 1080 4001 1227 4070; x_wconf 70' lang='grc' dir='ltr'>κελεύθου</span> <span class='ocrx_word' id='word_1_309' title='bbox 1242 4007 1297 4088; x_wconf 77' lang='grc' dir='ltr'><strong>τῆς</strong></span> <span class='ocrx_word' id='word_1_310' title='bbox 1318 3997 1345 4068; x_wconf 84' lang='grc' dir='ltr'><strong>τ’</strong></span> <span class='ocrx_word' id='word_1_311' title='bbox 1369 4004 1441 4086; x_wconf 71' lang='grc' dir='ltr'><strong>ἐμῆς</strong></span> <span class='ocrx_word' id='word_1_312' title='bbox 1454 4001 1514 4062; x_wconf 72' lang='lat' dir='ltr'><strong>tw-</strong></span> 
     </span>
     <span class='ocr_line' id='line_1_35' title="bbox 346 4099 1515 4194; baseline -0.002 -23"><span class='ocrx_word' id='word_1_313' title='bbox 346 4107 479 4193; x_wconf 74' lang='grc' dir='ltr'><strong>πραίίας.</strong></span> <span class='ocrx_word' id='word_1_314' title='bbox 517 4110 699 4171; x_wconf 81' lang='lat' dir='ltr'><strong>Theocritus</strong></span> <span class='ocrx_word' id='word_1_315' title='bbox 714 4111 754 4170; x_wconf 74' lang='lat'><strong>22</strong></span> <span class='ocrx_word' id='word_1_316' title='bbox 772 4109 812 4169; x_wconf 88' lang='grc'><strong>68</strong></span> <span class='ocrx_word' id='word_1_317' title='bbox 835 4105 878 4179; x_wconf 79' lang='grc' dir='ltr'><strong>τίς</strong></span> <span class='ocrx_word' id='word_1_318' title='bbox 899 4104 956 4193; x_wconf 78' lang='grc' dir='ltr'><strong>γὰρ</strong></span> <span class='ocrx_word' id='word_1_319' title='bbox 979 4101 1039 4194; x_wconf 75' lang='grc' dir='ltr'><strong>ὅτῳ</strong></span> <span class='ocrx_word' id='word_1_320' title='bbox 1061 4109 1167 4194; x_wconf 79' lang='grc' dir='ltr'><strong>χεῖρας</strong></span> <span class='ocrx_word' id='word_1_321' title='bbox 1189 4105 1241 4170; x_wconf 83' lang='grc' dir='ltr'><strong>καὶ</strong></span> <span class='ocrx_word' id='word_1_322' title='bbox 1264 4103 1356 4190; x_wconf 72' lang='grc' dir='ltr'>ἐμοὺς</span> <span class='ocrx_word' id='word_1_323' title='bbox 1376 4099 1515 4188; x_wconf 65' lang='grc' dir='ltr'><strong>αονορνῖοῠ</strong></span> 
     </span>
     <span class='ocr_line' id='line_1_36' title="bbox 349 4201 1515 4294; baseline -0.007 -22"><span class='ocrx_word' id='word_1_324' title='bbox 349 4205 488 4294; x_wconf 82' lang='grc' dir='ltr'><strong>ἱμάντας;</strong></span> <span class='ocrx_word' id='word_1_325' title='bbox 516 4210 600 4292; x_wconf 90' lang='lat' dir='ltr'><strong>quod</strong></span> <span class='ocrx_word' id='word_1_326' title='bbox 616 4222 722 4274; x_wconf 88' lang='lat' dir='ltr'><strong>autem</strong></span> <span class='ocrx_word' id='word_1_327' title='bbox 737 4213 893 4291; x_wconf 84' lang='lat' dir='ltr'><strong>Meleager</strong></span> <span class='ocrx_word' id='word_1_328' title='bbox 915 4213 1083 4292; x_wconf 86' lang='lat' dir='ltr'><strong>pluraliter</strong></span> <span class='ocrx_word' id='word_1_329' title='bbox 1103 4211 1186 4273; x_wconf 80' lang='lat' dir='ltr'><strong>dixit</strong></span> <span class='ocrx_word' id='word_1_330' title='bbox 1206 4205 1277 4294; x_wconf 79' lang='grc' dir='ltr'><strong>παρ’</strong></span> <span class='ocrx_word' id='word_1_331' title='bbox 1305 4201 1418 4285; x_wconf 74' lang='grc' dir='ltr'>οὔασιν,</span> <span class='ocrx_word' id='word_1_332' title='bbox 1441 4205 1515 4268; x_wconf 88' lang='lat' dir='ltr'><strong>simi·</strong></span> 
     </span>
     <span class='ocr_line' id='line_1_37' title="bbox 348 4295 1513 4398; baseline -0.001 -24"><span class='ocrx_word' id='word_1_333' title='bbox 348 4314 420 4375; x_wconf 88' lang='lat' dir='ltr'><strong>litor</strong></span> <span class='ocrx_word' id='word_1_334' title='bbox 437 4315 559 4376; x_wconf 90' lang='lat' dir='ltr'><strong>locutus</strong></span> <span class='ocrx_word' id='word_1_335' title='bbox 581 4324 631 4376; x_wconf 89' lang='lat' dir='ltr'><strong>est</strong></span> <span class='ocrx_word' id='word_1_336' title='bbox 651 4313 748 4375; x_wconf 79' lang='lat' dir='ltr'><strong>noth.</strong></span> <span class='ocrx_word' id='word_1_337' title='bbox 767 4314 829 4374; x_wconf 86' lang='lat' dir='ltr'><strong>Pal.</strong></span> <span class='ocrx_word' id='word_1_338' title='bbox 849 4333 866 4374; x_wconf 91' lang='grc' dir='ltr'>ν</span> <span class='ocrx_word' id='word_1_339' title='bbox 884 4314 956 4392; x_wconf 75' lang='lat' dir='ltr'><strong>tos,</strong></span> <span class='ocrx_word' id='word_1_340' title='bbox 982 4310 1098 4397; x_wconf 80' lang='grc' dir='ltr'>Πταίης</span> <span class='ocrx_word' id='word_1_341' title='bbox 1122 4337 1185 4397; x_wconf 88' lang='grc' dir='ltr'><strong>μοι,</strong></span> <span class='ocrx_word' id='word_1_342' title='bbox 1210 4307 1335 4398; x_wconf 58' lang='lat' dir='ltr'><strong>mireo,</strong></span> <span class='ocrx_word' id='word_1_343' title='bbox 1357 4304 1445 4395; x_wconf 79' lang='grc' dir='ltr'>ταχὺς</span> <span class='ocrx_word' id='word_1_344' title='bbox 1464 4295 1513 4385; x_wconf 67' lang='grc' dir='ltr'><strong>ἆτ-</strong></span> 
     </span>
     <span class='ocr_line' id='line_1_38' title="bbox 346 4405 1514 4502; baseline 0.003 -23"><span class='ocrx_word' id='word_1_345' title='bbox 346 4417 444 4498; x_wconf 76' lang='grc' dir='ltr'>γελος,</span> <span class='ocrx_word' id='word_1_346' title='bbox 469 4407 558 4480; x_wconf 75' lang='grc' dir='ltr'>οὔασι</span> <span class='ocrx_word' id='word_1_347' title='bbox 580 4409 609 4477; x_wconf 81' lang='grc' dir='ltr'><strong>δ’</strong></span> <span class='ocrx_word' id='word_1_348' title='bbox 637 4406 744 4500; x_wconf 75' lang='grc' dir='ltr'>ἄκροις</span> <span class='ocrx_word' id='word_1_349' title='bbox 763 4413 934 4501; x_wconf 77' lang='grc' dir='ltr'>Ζηναφὶλης</span> <span class='ocrx_word' id='word_1_350' title='bbox 957 4411 1075 4502; x_wconf 76' lang='grc' dir='ltr'>ψαόαας</span> <span class='ocrx_word' id='word_1_351' title='bbox 1096 4411 1314 4502; x_wconf 70' lang='grc' dir='ltr'><strong>προοψοθόριζα</strong></span> <span class='ocrx_word' id='word_1_352' title='bbox 1334 4411 1411 4478; x_wconf 80' lang='grc' dir='ltr'>τάδε.</span> <span class='ocrx_word' id='word_1_353' title='bbox 1441 4405 1514 4482; x_wconf 63' lang='lat' dir='ltr'><strong>und?</strong></span> 
     </span>
     <span class='ocr_line' id='line_1_39' title="bbox 347 4509 1513 4601; baseline -0.01 -23"><span class='ocrx_word' id='word_1_354' title='bbox 347 4517 480 4599; x_wconf 86' lang='lat' dir='ltr'><strong>adparet</strong></span> <span class='ocrx_word' id='word_1_355' title='bbox 509 4537 572 4580; x_wconf 92' lang='lat' dir='ltr'><strong>non</strong></span> <span class='ocrx_word' id='word_1_356' title='bbox 601 4527 685 4580; x_wconf 86' lang='lat' dir='ltr'><strong>recte</strong></span> <span class='ocrx_word' id='word_1_357' title='bbox 714 4520 944 4600; x_wconf 85' lang='lat' dir='ltr'><strong>reprehensum</strong></span> <span class='ocrx_word' id='word_1_358' title='bbox 974 4538 1044 4582; x_wconf 85' lang='lat' dir='ltr'><strong>esse</strong></span> <span class='ocrx_word' id='word_1_359' title='bbox 1073 4519 1159 4601; x_wconf 89' lang='lat' dir='ltr'><strong>quod</strong></span> <span class='ocrx_word' id='word_1_360' title='bbox 1189 4521 1354 4582; x_wconf 82' lang='lat' dir='ltr'><strong>Daweeius</strong></span> <span class='ocrx_word' id='word_1_361' title='bbox 1380 4519 1408 4578; x_wconf 93' lang='lat' dir='ltr'><strong>in</strong></span> <span class='ocrx_word' id='word_1_362' title='bbox 1431 4509 1513 4572; x_wconf 86' lang='lat' dir='ltr'><strong>Calli·</strong></span> 
     </span>
    </p>
   </div>
   <div class='ocr_carea' id='block_1_11' title="bbox 0 0 1594 5136">
    <p class='ocr_par' dir='ltr' id='par_1_12' title="bbox 0 0 1594 5136">
     <span class='ocr_line' id='line_1_40' title="bbox 0 0 1594 5136; baseline 0 0"><span class='ocrx_word' id='word_1_363' title='bbox 0 0 1594 5136; x_wconf 95' lang='lat' dir='ltr'><strong> </strong></span> 
     </span>
    </p>
   </div>
  </div>
 </body>
</html>
