3252 5130
601 427 819 490 Corinenses.
1236 414 1307 488 601

117 617 236 679 litteras
259 615 436 694 didicisses,
469 617 563 678 oleret
583 623 660 678 testo
684 616 828 699 inperiali
856 618 904 678 tui
922 635 981 698 qua
1004 619 1095 680 semel
1120 618 1233 698 fuisset
1253 620 1313 680 im-

118 719 211 780 bata:
236 719 383 780 lanarum
405 718 561 798 conchylia
582 718 687 782 nullae
710 737 808 800 oquae
830 719 947 781 eluunt.

204 819 292 908 Idem
316 821 532 894 Quintilianus
553 841 586 882 νι
610 823 628 882 3
654 822 693 882 93
718 820 758 884 de
780 822 915 884 Domitio
938 820 1013 884 Afro
1043 831 1072 886 et
1093 823 1310 906 dispensatori,

116 926 170 1006 qui
192 942 261 986 cum
282 923 403 1006 reliqna
425 943 485 985 non
506 924 725 1005 responderent
740 923 858 986 dicebat
879 924 1008 987 subinde
1025 930 1097 986 ‘nan
1119 926 1235 988 comedi
1253 945 1313 1007 po»

117 1047 186 1090 nem
209 1035 237 1090 et
259 1045 371 1109 aquom
393 1026 484 1108 bibo,'
510 1031 639 1108 ‘possen
673 1027 766 1090 redde
789 1027 868 1109 quod
896 1022 1005 1090 debes!
1052 1028 1152 1090 verba
1180 1028 1313 1110 dispen-

117 1133 232 1192 satoris
255 1140 405 1212 exparte
428 1129 568 1192 absurda
601 1149 672 1194 esse
702 1131 930 1193 animadvertit
953 1131 1128 1195 Gronovius
1151 1133 1312 1194 Observa-

115 1235 239 1296 tionum
262 1252 284 1296 ιι
308 1235 338 1312 ι,
363 1232 421 1296 sed
444 1232 543 1296 falsus
565 1243 614 1296 est
636 1235 784 1314 opinione
808 1254 879 1296 cum
903 1233 1107 1298 scribendum
1138 1255 1207 1298 esse
1236 1254 1313 1297 con-

115 1338 191 1399 iecit
222 1338 346 1419 uiarum
374 1337 428 1398 edo
459 1355 572 1418 panem
605 1344 633 1399 et
665 1357 778 1420 αιιιιαιιι
807 1337 884 1400 bibo.
932 1337 1015 1400 liber
1037 1338 1266 1402 Ambrosianus
1294 1359 1312 1402 a

115 1442 222 1521 prima
245 1457 342 1502 manu
365 1438 460 1502 habet
480 1459 561 1521 pane
583 1447 612 1502 ct
633 1459 725 1522 aquo.
775 1439 979 1502 scribendum
1009 1450 1058 1503 est
1086 1442 1156 1503 sine
1186 1451 1312 1503 contro-

115 1544 223 1606 versia
246 1563 308 1604 non
330 1543 445 1605 comedi
455 1565 463 1602 .·
485 1561 567 1624 pone
589 1551 617 1605 et
638 1562 720 1624 aqua
743 1546 826 1606 vivo.

206 1645 300 1727 Apud
331 1645 468 1710 eundem
493 1647 725 1719 Quintilianum
753 1665 794 1708 ιιιι
820 1648 858 1708 to
884 1648 922 1708 ιὸ
953 1647 1031 1710 haec
1060 1647 1226 1727 leguntur,
1258 1647 1313 1710 sed

116 1758 305 1813 evanescunt
325 1749 399 1812 ltaec
421 1757 510 1832 atque
532 1750 725 1813 emoriuntur
747 1752 972 1831 comparatione
994 1751 1163 1827 metrorum,
1188 1758 1222 1812 ut
1238 1751 1312 1812 lona

116 1857 215 1916 tincto
233 1853 305 1934 suco
328 1855 408 1915 citro
427 1872 590 1934 purpuras
610 1853 726 1933 placet,
752 1862 783 1916 ot
806 1855 836 1915 si
856 1854 1019 1916 contuleris
1042 1856 1133 1916 etiarn
1156 1855 1309 1929 lucernae,

115 1964 280 2040 conspectu
302 1957 435 2018 melioris
458 1955 620 2034 obruatur,
646 1965 680 2018 nt
697 1957 825 2018 Ouidius
849 1959 903 2020 uit.
944 1977 1006 2019 non
1023 1956 1181 2038 praebent
1197 1958 1310 2020 iustam

116 2061 311 2123 sententiam
343 2060 396 2121 illa
419 2066 451 2122 ot
473 2060 503 2120 si
523 2059 689 2120 contuleris
720 2062 809 2122 etiarn
840 2061 994 2122 lacernae.
1042 2080 1137 2141 quam
1174 2059 1214 2122 ob
1244 2080 1311 2122 rem

59 2146 62 2154 ¹
114 2161 343 2226 aldrovandus
365 2171 436 2243 post
458 2163 549 2224 etiam
571 2160 755 2224 addendum
780 2181 851 2224 esse
873 2164 997 2242 putavit
1025 2165 1143 2243 Tyriae.
1190 2162 1249 2226 sed
1271 2183 1312 2224 ne

115 2277 187 2328 tum
211 2264 343 2345 quidem
377 2265 467 2327 etiarn
497 2264 659 2326 commode
688 2264 816 2327 dieitur.
864 2267 971 2346 itaque
1006 2266 1120 2328 melius
1153 2285 1229 2329 sane
1264 2275 1312 2328 est

115 2367 207 2450 quod
228 2367 369 2430 Halmius
393 2369 520 2448 scripsit
543 2375 576 2430 at
598 2355 637 2429 ει1
661 2369 826 2430 contuleris
842 2371 951 2448 Tyriae
966 2387 1033 2430 eom
1049 2369 1201 2430 lacernae.
1242 2372 1373 2429 cre-³⁷6

115 2469 203 2534 didit
226 2481 343 2550 liutem,
370 2470 454 2552 quod
477 2468 642 2552 Adolphus
665 2473 801 2554 Langins
822 2463 1099 2552 primus'protulit
1122 2469 1314 2552 (Veratisclrte
1400 2508 1403 2515 -

116 2574 275 2655 Schriften
298 2595 330 2655 p.
350 2575 437 2656 teo),
464 2574 659 2654 significasse
676 2575 908 2647 Quintilianum
932 2572 1089 2635 distichon
1106 2572 1212 2635 Ovidii
1229 2573 1313 2653 quod

116 2681 150 2740 in
175 2675 340 2766 Remediis
363 2679 479 2738 amaris
501 2696 533 2736 v.
560 2676 622 2736 707
638 2695 664 2736 s.
691 2677 826 2756 legitur,
863 2676 967 2756 confer
989 2673 1158 2756 Amyclaeis
1181 2675 1314 2736 medico-

115 2789 182 2843 tunr
206 2780 304 2842 uellus
326 2781 412 2841 aenis
436 2780 553 2841 Murice
575 2797 644 2840 cum
671 2781 771 2858 Tyrio,
797 2781 920 2859 turpius
947 2777 1115 2838 illuderit.
1162 2777 1313 2857 equidem

115 2903 183 2945 non
207 2881 380 2944 adsentior.
428 2882 547 2944 etenim
578 2881 664 2962 quod
687 2882 823 2962 Longius
854 2880 931 2943 dicit
953 2880 1183 2953 Quintilianum
1207 2880 1313 2943 Ovidii

116 2985 220 3048 verba
243 2984 283 3046 ad
306 2984 464 3067 pedestris
487 2986 636 3046 orationis
660 2983 790 3046 formam
814 2994 846 3045 et
868 2983 910 3046 ad
932 3002 1022 3045 suam
1051 2985 1241 3044 sententiam
1265 2995 1314 3045 at·

116 3100 332 3170 temperasse,
364 3090 481 3150 mirum
511 3098 559 3150 est
582 3089 626 3149 ita
649 3107 719 3150 esse
749 3097 956 3169 attemperata
979 3097 1100 3148 utnon
1130 3087 1221 3148 ruodo
1244 3107 1315 3149 car-

117 3195 206 3254 mine
230 3191 329 3252 nihilo
352 3191 458 3252 miuus
474 3190 568 3272 digna
592 3192 667 3268 sint,
693 3189 751 3252 sed
774 3189 924 3271 adpareat
940 3209 1053 3252 versus
1073 3189 1315 3272 hendecasylla-

115 3296 181 3358 bus
204 3313 289 3357 unus
317 3295 516 3374 alteriusque
540 3294 709 3373 vestigium
739 3295 917 3373 scripturae
948 3303 1070 3356 tantum
1095 3295 1171 3355 vitio
1201 3295 1316 3356 leviter

116 3399 337 3460 obscuratum.
385 3417 468 3477 quae
492 3417 563 3458 cum
587 3398 631 3458 ita
655 3406 738 3475 sunt,
766 3399 843 3459 haec
865 3407 942 3477 puto
965 3415 1035 3460 esse
1058 3397 1227 3474 Ovidiona,

437 3507 470 3562 at
491 3502 522 3563 si
542 3500 707 3562 contuleris
731 3520 812 3578 eam,
839 3500 981 3562 lacernae

437 3611 598 3684 conspectu
619 3603 754 3664 arctioris
777 3601 942 3664 obruetur.

117 3727 193 3770 nam
217 3707 363 3770 abutetur
378 3706 529 3769 Ovidium
552 3706 718 3786 scripsisse
742 3725 804 3767 non
822 3704 945 3767 dubito.
987 3723 1025 3766 ex
1049 3705 1095 3766 eis
1115 3723 1197 3784 quac
1214 3705 1316 3776 Quin-

117 3811 252 3874 tilianus
283 3820 375 3874 antea
405 3809 483 3872 dicit
506 3809 613 3871 Ovidii
643 3808 742 3872 verba
777 3811 876 3889 recipi
910 3827 972 3869 non
1002 3817 1147 3888 possunt.
1194 3816 1315 3869 cunstat

117 3925 228 3976 autem
258 3933 322 3976 non
345 3913 430 3974 nulla
454 3911 561 3975 Ovidii
590 3913 728 3974 carmina
758 3913 895 3993 periise,
932 3929 1037 3991 neque
1069 3911 1175 3974 minus
1205 3919 1315 3971 notum

117 4028 169 4081 est
192 4037 266 4078 eum
290 4019 322 4078 in
346 4015 483 4078 diversis
506 4017 660 4096 poematis
678 4015 763 4078 haud
786 4033 858 4076 raro
881 4015 997 4076 similia
1020 4014 1166 4076 similiter
1180 4012 1311 4094 dixisse,

119 4131 156 4182 ut
180 4121 311 4182 minime
335 4120 376 4181 sit
399 4117 581 4180 mirandum
604 4117 739 4180 eandem
763 4118 954 4180 sententiam
983 4119 1016 4179 in
1039 4107 1202 4178 Remediis
1227 4135 1315 4177 amo-

117 4227 165 4286 ris
190 4223 339 4285 inveniri.
387 4232 529 4284 ceterum
553 4223 644 4284 etiam
674 4223 706 4284 in
738 4239 804 4283 corre
827 4219 1015 4284 mutandum
1039 4239 1110 4282 esse
1134 4219 1195 4282 iam
1218 4221 1315 4281 llein-

118 4329 189 4388 sius
212 4326 369 4388 intellexit
399 4326 430 4386 in
455 4326 652 4405 Fragmentis
675 4323 801 4403 Ovidii,
836 4323 893 4385 sed
916 4343 951 4386 eo
975 4323 1119 4405 peccavit
1142 4321 1228 4406 qaod
1251 4341 1313 4384 non

117 4437 192 4510 post
215 4447 280 4490 eant
303 4427 361 4490 sed
383 4437 453 4509 post
476 4429 619 4490 lacunae
641 4427 852 4508 interpunxit.
900 4427 1066 4489 contuleris
1095 4445 1168 4488 curn
1197 4424 1315 4486 dicitur

118 4531 371 4612 intellegendum
401 4541 449 4594 est
473 4533 646 4612 purpuris,
678 4531 747 4592 sive
776 4549 839 4610 quo
869 4530 929 4592 alio
951 4529 1050 4592 verba
1073 4528 1208 4590 Ovidius
1237 4547 1315 4590 usus
