3156 5132
356 405 430 480 368
750 421 793 482 Ex
815 440 912 484 naua
935 423 1143 484 Bnaoarnnnsr.

355 611 403 674 illi
427 613 601 693 propiorem
629 619 786 695 coprratnm
816 628 906 692 pram
928 617 957 673 te
975 608 1093 691 fnisse:
1122 609 1321 673 concedimus.
1365 607 1452 692 officio
1470 617 1512 670 tna

355 717 386 775 in
409 714 496 777 illurn
517 733 578 776 non
599 713 687 776 nnlla
709 716 881 776 eoestdisse:
906 723 983 776 esto.
1030 713 1256 796 stipendia-uos
1278 733 1342 774 nna
1357 711 1514 794 scannell-

354 817 520 898 qnantdiu:
544 835 629 880 nem
651 825 751 900 nepot.

439 919 535 984 llliud
564 920 660 983 Rutili
694 921 875 1002 exemplum
906 941 956 983 me
987 919 1174 983 emendasse
1205 920 1303 982 multo
1332 920 1431 981 minus
1455 937 1516 978 can-

354 1021 490 1084 fidenter
510 1021 660 1085 adfirmo:
687 1025 781 1086 immo
804 1023 860 1087 ubi
876 1025 1084 1086 llubnlxenius
1106 1043 1140 1086 εε
1163 1023 1243 1086 nibil
1266 1021 1516 1103 ingenioodsequi

354 1125 439 1206 quad
462 1129 530 1188 veri
553 1126 689 1206 quadarn
712 1129 818 1208 specie
841 1126 1042 1190 blandiretur
1065 1126 1167 1190 lassus
1189 1137 1237 1188 est
1259 1127 1393 1207 verique
1407 1123 1516 1204 indaga-

354 1230 471 1290 tionem
508 1228 704 1292 acutioribus
738 1233 894 1293 commisit
929 1232 1122 1293 tutissimum
1156 1247 1231 1292 sane
1262 1239 1311 1292 εει
1340 1248 1399 1290 nan
1427 1226 1516 1290 subire

355 1330 532 1394 coniciendi
563 1331 757 1413 errandique
780 1334 969 1414 periculum.
1017 1332 1174 1415 proferam
1197 1343 1303 1394 tamen
1326 1351 1405 1413 quae
1424 1334 1447 1392 si
1467 1347 1517 1390 non

354 1433 558 1498 habebuntur
587 1456 661 1499 vera
695 1435 809 1517 (neque
839 1440 907 1518 ipse
938 1447 1024 1499 eerta
1046 1457 1116 1498 esse
1138 1435 1245 1520 pata),
1276 1446 1310 1498 at
1332 1433 1518 1516 probabiliora

353 1549 459 1600 tamen
490 1539 621 1602 lartasse
643 1537 839 1602 videbantur
867 1559 962 1621 quam
991 1559 1072 1621 quaa
1102 1539 1143 1602 ab
1164 1540 1236 1602 aliis
1257 1540 1426 1619 excogitata
1446 1545 1516 1599 sunt.

312 1642 534 1723 inexemplum
557 1641 737 1723 dialyseosr
756 1643 794 1702 ttt
811 1642 869 1704 baa
891 1642 1034 1706 adfertur
1055 1631 1101 1705 ex'
1124 1641 1302 1723 Daphnidis
1324 1641 1518 1704 nesciocuius

352 1747 510 1823 aratione,
535 1745 608 1826 qnid
630 1753 729 1808 antem
752 1765 798 1808 me
820 1750 958 1809 convenit
976 1746 1096 1828 facere,
1121 1747 1288 1827 Byzantii?
1317 1744 1418 1808 subire
1435 1741 1518 1825 polli-

351 1867 404 1909 σεε
419 1866 532 1911 causae
547 1848 703 1925 indicium,
729 1869 837 1932 mapno
852 1852 969 1912 nomini
982 1850 1235 1912 adversariorum
1247 1848 1371 1931 sortiter
1386 1848 1515 1909 resume.

350 1971 411 2012 nan
441 1955 545 2014 verni
566 1953 755 2034 perieulum,
787 1953 946 2037 diiipenter
964 1955 1152 2035 posteritatis
1173 1971 1327 2030 creseere,
1358 1970 1418 2013 non
1437 1951 1517 2011 minos

351 2057 558 2133 catrianam,
584 2063 758 2118 constanter
780 2057 812 2118 in
827 2075 921 2120 cansa
935 2075 993 2138 pro
1009 2057 1092 2120 uobis
1105 2058 1332 2139 perseverare?
1354 2056 1450 2116 omnin
1459 2050 1514 2134 [eci.

351 2165 486 2220 vestrum
508 2159 692 2221 commodum
713 2168 864 2241 spectans.
911 2168 1012 2223 tamen
1033 2179 1094 2222 non
1108 2160 1218 2224 desunt
1231 2163 1285 2242 oui
1302 2179 1346 2222 ese
1360 2160 1448 2222 tarrtn
1461 2155 1517 2218 nris

351 2259 457 2343 officiis
487 2263 603 2343 aliquid
635 2263 728 2324 velint
756 2265 943 2345 vituperare.
990 2265 1179 2327 Ruhnkenio
1201 2265 1319 2326 nomini
1340 2265 1373 2324 in
1395 2258 1518 2323 molinini

351 2365 536 2428 mutandum
559 2365 834 2446 essentessent,
858 2367 929 2429 aliis
950 2369 1011 2430 alia
1034 2368 1238 2450 placuerunt:
1270 2364 1516 2448 simplicissimum

350 2477 399 2529 est
420 2467 563 2530 seribere
586 2488 695 2553 mopno
716 2471 833 2552 agmini
850 2470 1103 2535 adversariorum
1115 2469 1239 2553 fortiter
1253 2473 1407 2534 resistere.
1444 2483 1515 2528 men-

351 2571 426 2632 dum
456 2581 558 2634 ortum
590 2584 638 2636 est
667 2593 707 2635 ex
736 2574 846 2636 ultima
869 2573 988 2656 syllaba
1012 2573 1102 2636 verbi
1126 2574 1211 2655 quad
1234 2582 1283 2637 est
1304 2593 1423 2658 mayne-
1464 2579 1513 2630 luffl

350 2672 511 2756 deplorata
535 2674 613 2738 dicit
628 2676 836 2740 Ruhnkenius
858 2678 910 2739 illa
927 2677 1086 2761 dilipenter
1099 2680 1287 2759 posteritatis
1302 2693 1444 2740 erescere.
1472 2667 1512 2732 sel

349 2797 412 2840 non
437 2780 580 2859 ineptum
600 2789 687 2841 eerte
703 2783 763 2842 erit
779 2780 949 2864 dilipentena
961 2783 1176 2863 prosperantis
1191 2790 1312 2844 uestrae
1327 2798 1410 2842 esse:
1432 2791 1515 2855 neque

350 2883 464 2944 mirum
489 2893 536 2944 est
558 2891 612 2945 aut
635 2883 857 2964 inexplicabile
881 2903 981 2965 genus
1004 2883 1253 2966 depravationis.

436 2985 469 3046 lu
500 2985 716 3066 pulcherrima
744 2987 988 3050 characterismo
1017 2991 1150 3069 Lyconis
1171 2989 1231 3050 n'l
1262 2985 1349 3069 quad
1379 3007 1410 3068 p.
1433 2985 1468 3044 li
1486 2979 1513 3042 li
1567 3047 1568 3050 ,

346 3089 441 3168 pauci
462 3090 492 3149 in
513 3088 580 3171 snei
602 3089 787 3152 mutandum
811 3109 882 3152 esse
905 3089 1049 3154 dixeram
1071 3095 1170 3154 miror
1191 3091 1232 3154 ab
1256 3091 1377 3153 llalmio
1399 3106 1456 3151 non
1474 3103 1514 3146 ac·

349 3202 475 3271 ceptum
506 3211 586 3254 esse.
634 3194 740 3255 minus
769 3191 899 3256 fortasse
931 3194 1089 3258 dubitabit
1118 3198 1169 3257 vir
1191 3195 1339 3276 egregius
1360 3193 1387 3255 si
1409 3197 1516 3272 reputa·
1566 3269 1567 3278 ἶ

347 3295 431 3356 verit
453 3313 548 3376 quarn
572 3294 731 3376 frequenti
748 3315 909 3377 quamque
925 3297 965 3360 ed
982 3300 1112 3380 Lyconis
1127 3301 1302 3362 orationem
1318 3307 1391 3378 apta
1405 3309 1515 3377 prosar-
1566 3289 1567 3305 ¹

349 3395 393 3458 bii
417 3397 646 3460 consuetudine
662 3398 809 3462 dicantur
823 3402 967 3486 κηφῆνες.
1015 3402 1150 3482 plurima
1167 3401 1314 3482 exempla
1329 3395 1516 3463 lluhnkeaius

348 3505 504 3582 congessit
534 3504 566 3562 in
590 3503 715 3565 Timaeo
737 3523 770 3584 p.
791 3503 863 3564 ⁴58.
910 3503 1122 3584 reputandum
1149 3505 1243 3566 etiam
1275 3503 1355 3566 illud
1377 3511 1438 3582 est,
1465 3513 1513 3559 non
1565 3505 1566 3510 ’

348 3605 457 3665 Latino
491 3607 659 3686 scriptori,
695 3604 753 3667 sed
783 3605 893 3670 Graeci
925 3608 1086 3688 seripturis
1115 3608 1280 3688 interpreti
1314 3605 1435 3670 restitui
1461 3601 1515 3664 illos

348 3703 445 3769 lucos.
1564 3715 1565 3724 ’

434 3811 468 3872 ln
492 3809 640 3874 versibus
662 3814 815 3893 quosne
838 3811 1031 3893 reparandas
1054 3831 1124 3876 esse
1141 3813 1261 3876 Halmio
1282 3814 1426 3896 persuasi
1446 3801 1513 3890 quod

346 3916 500 3994 scripturn
516 3924 584 3976 erat
595 3917 682 3996 parit
696 3915 798 3978 odium
812 3934 874 3978 nan
891 3925 976 3978 recte
992 3917 1110 3979 mutari
1127 3917 1267 3980 traiectis
1283 3915 1403 3980 verbis.
1439 3915 1514 3974 imao

347 4016 469 4078 mollior
491 4020 585 4080 etiam
611 4019 662 4080 bie
684 4029 732 4082 est
753 4020 939 4099 versiculus,
1563 3971 1564 4064 l

431 4119 506 4182 naec
523 4120 661 4203 facinori
681 4125 785 4186 innata
803 4124 890 4204 parit
911 4123 1030 4185 odium:
1051 4117 1125 4185 'inde
1147 4125 1276 4186 exitium
1298 4126 1444 4188 nuscr'tatr.
1562 4167 1563 4186 ι

432 4223 522 4288 addo
545 4224 586 4288 de
609 4225 658 4287 bis
679 4227 858 4289 rhetoribus
874 4225 959 4307 quod
976 4244 1038 4288 nan
1055 4245 1162 4290 meam
1177 4237 1237 4308 est,
1263 4227 1321 4290 sed
1336 4227 1444 4290 vellem
1458 4237 1511 4284 esst

346 4345 464 4390 meam.
511 4327 596 4410 apud
619 4329 732 4392 lulium
755 4331 958 4392 Rufinianum
980 4327 1055 4412 §27
1079 4331 1157 4393 baec
1178 4331 1347 4412 leguntur,
1377 4315 1507 4412 aaroni·

345 4431 419 4494 baec
437 4432 471 4512 fit
492 4451 560 4494 nrm
578 4433 709 4515 fipnrote
731 4433 919 4496 concedimus
942 4433 1021 4514 quod
1043 4433 1115 4496 velit
1137 4435 1204 4514 quis
1223 4433 1340 4516 serint,
1371 4441 1404 4496 nt
1427 4427 1509 4508 l'rrp'-

346 4534 406 4596 lius
427 4531 574 4600 Aeneidos
596 4539 694 4618 primo
721 4541 861 4620 ‘sequere
876 4538 999 4601 Italiam
1018 4540 1126 4614 ventis,
1147 4546 1215 4618 pete
1229 4557 1327 4621 repnte
1337 4559 1393 4622 per
1406 4525 1505 4598 arnelas·⁸
1560 4617 1561 4624 ἵ

1548 4851 1560 5097 l
