3156 5132
351 390 425 462 314
746 405 789 465 Ex
812 423 907 464 usust
933 422 1135 466 associamur.

350 587 369 677 ἡ
393 587 539 678 Ευμφσρή.
587 591 686 656 δσιιίσι
712 587 770 679 γὰρ
791 592 868 656 τοῖσι
889 593 921 664 ἐς
941 587 995 677 τὴν
1019 585 1154 676 Σελήνην
1177 587 1323 678 ἆλιτρσῖσι
1344 587 1509 679 ἀφικνεῖσθαι

356 694 554 782 (ἐφικνεῖσθαι
582 694 791 776 probabiliter
818 695 1042 778 Ermeriusius)
1074 687 1093 758 r‘
1125 697 1240 768 νσδσσς.
1286 692 1418 761 τσόνσνεν
1446 693 1510 782 ἱερὴν

351 792 546 883 κικλήσκουσι
566 792 619 881 την
641 791 764 881 πάθην·
789 791 862 884 σίτθιρ
885 794 937 862 καί
960 793 999 861 δι’
1027 789 1121 882 ἄλλης
1142 793 1326 886 προφάσιος,
1349 793 1370 884 ἢ
1393 801 1512 884 pendisse
1573 851 1574 856 1

351 905 404 966 τσῦ
426 904 521 966 nuncia
549 896 638 985 (lapda
660 896 717 986 γὰρ
739 896 773 965 τό
797 901 899 986 μίγα),
923 894 1057 987 didone
1071 897 1127 966 oda
1142 897 1331 988 ἀνθρωπίνης
1346 899 1422 970 ἀλλὰ
1435 902 1512 987 θείης,

310 998 372 1090 ssi,
396 1002 537 1088 δαίμονος
553 997 638 1087 δόξης
653 1003 684 1076 ἐς
698 999 748 1068 τόν
772 994 928 1090 ἄνθρωπον
951 999 1079 1086 εἰσόδου,
1105 997 1126 1090 ἢ
1142 1000 1313 1091 ξυμπάντων
1329 996 1423 1090 δμσδ,Ι
1442 1001 1513 1090 τήνδε

353 1107 528 1192 ἐκίκλησνσν
553 1101 645 1193 ἱερήν.
693 1107 748 1171 ubi
771 1127 886 1170 vereor
907 1129 947 1172 ne
971 1103 1057 1193 δόξης
1079 1129 1141 1172 nou
1164 1110 1240 1172 satis
1263 1121 1349 1172 recte
1371 1111 1514 1173 intellcre

354 1213 418 1275 rint
440 1214 642 1294 interpretes,
668 1210 891 1292 explicandum
913 1222 1018 1275 autem
1041 1214 1083 1275 sit
1105 1214 1152 1274 eis
1174 1231 1255 1293 quae
1279 1215 1468 1276 Hermannus
1484 1213 1515 1274 ad

353 1314 500 1397 Aeschyli
523 1313 634 1395 Suppl.
659 1334 688 1376 ν.
708 1313 768 1376 ist
792 1313 973 1397 adscripsit.
1018 1314 1173 1397 Apuleius
1199 1317 1277 1378 haec
1298 1316 1377 1380 dicit
1398 1320 1429 1380 in
1448 1317 1516 1398 llpc

355 1421 434 1500 logia
456 1437 526 1499 cap.
544 1417 596 1496 50,
622 1419 773 1479 enimuero
795 1421 825 1480 si
841 1419 1016 1500 perniciosa
1037 1419 1093 1482 illa
1114 1419 1239 1482 dulcedo
1260 1421 1344 1483 intus
1366 1419 1518 1483 uiuae

355 1522 409 1584 dili
429 1530 517 1584 atrae
538 1522 653 1583 sociata
675 1522 760 1583 uenis
781 1521 918 1592 nuncius
937 1521 1048 1605 [urens
1067 1524 1218 1606 pervasit,
1243 1522 1313 1585 dein
1335 1523 1377 1586 ad
1391 1542 1517 1587 munau
1573 1567 1574 1586 2

355 1633 447 1707 caput
475 1626 558 1687 σι’σσι
580 1624 684 1686 molita
705 1623 808 1686 dirum
826 1625 951 1706 tluoeum
973 1624 1095 1688 cuebro
1118 1627 1287 1704 inmiscuit,
1319 1628 1387 1690 daco
1407 1627 1517 1709 renum
1571 1639 1573 1686 J

352 1737 472 1810 partem
495 1728 592 1790 animi
612 1725 756 1806 debilitat,
781 1746 858 1812 quae
880 1729 998 1792 ratione
1016 1730 1134 1812 pollens
1156 1731 1299 1796 vectium
1318 1729 1441 1795 θσιινιινίσ
1455 1729 1518 1791 oelu

356 1851 458 1894 arcem
487 1839 514 1893 et
536 1831 653 1914 repiam
675 1831 794 1894 insedit.
841 1841 971 1918 putatur
993 1831 1037 1894 ibi
1060 1832 1240 1900 dulcedinis
1261 1833 1444 1900 vocabulum
1463 1851 1518 1896 cor-

358 1945 486 2016 ruptum
509 1953 590 2014 esse,
616 1935 788 1996 inscienter
809 1934 991 1998 admodum.
1038 1955 1111 1999 nam
1134 1945 1225 2006 antea
1248 1935 1402 2019 Apuleius
1416 1936 1518 2000 dixerat
1573 1987 1574 1996 ,

357 2057 531 2119 numquam
546 2047 654 2118 postea
669 2038 815 2100 comitiali
833 2038 941 2101 morbo
957 2040 1138 2122 attemptari
1155 2040 1206 2103 cui
1223 2040 1275 2103 ille
1288 2043 1423 2122 pectoris
1434 2051 1518 2104 cuteu
1573 2089 1574 2104 2

358 2142 514 2220 uitiligine
538 2141 751 2222 insigniverit,
777 2139 915 2205 scabiem
938 2152 1043 2206 autem
1060 2143 1159 2204 Latini
1182 2153 1314 2228 proptor
1334 2145 1483 2226 pruritum
1497 2153 1519 2202 rt
1573 2193 1574 2200 ,

358 2243 568 2305 titillationem
598 2243 749 2306 dixerunt
777 2243 990 2309 dulcedinem.
1038 2246 1146 2308 Cicero
1171 2245 1210 2308 de
1234 2245 1519 2329 legibus1§llde
1573 2299 1574 2306 ,

359 2348 534 2428 voluptate,
560 2349 665 2428 quoire
689 2346 844 2412 blanditiis
866 2350 1005 2432 corrupti
1025 2367 1101 2430 puae
1123 2356 1240 2412 natura
1261 2349 1340 2414 bueo
1361 2357 1444 2428 mut,
1466 2349 1518 2432 prio
1573 2381 1574 2412 ;

359 2449 516 2512 dulcedine
537 2448 595 2512 lac
617 2457 644 2512 et
666 2450 765 2512 scabie
787 2459 902 2532 carent,
927 2471 988 2514 non
1010 2459 1138 2515 cernam
1155 2454 1243 2516 satu.
1283 2452 1408 2516 Gratius
1423 2453 1517 2534 Civil-
1573 2481 1574 2520 ι

360 2574 390 2615 ν.
407 2555 468 2614 tos
485 2560 518 2614 at
532 2554 561 2615 si
575 2552 704 2634 deformi
717 2554 851 2618 lacuum
868 2555 1025 2619 dulcedine
1039 2573 1150 2640 corpus
1168 2557 1362 2638 Persequitur
1376 2555 1516 2627 acoluti·
1573 2539 1574 2552 ί

359 2657 506 2718 similiter
523 2657 672 2720 Martialis
692 2677 741 2718 xiv
757 2657 795 2720 23
820 2657 990 2721 libidinum
1013 2657 1164 2721 vocabulo
1186 2661 1287 2722 utitur
1309 2661 1342 2722 iu
1365 2657 1518 2738 auriscalpii

359 2759 647 2838 commendatione,
678 2761 708 2822 si
734 2759 789 2826 tali
814 2780 935 2826 morosa
953 2763 1117 2846 pruripiue
1139 2764 1292 2829 verminat
1313 2765 1418 2844 auru,
1447 2759 1520 2824 Arna
1573 2739 1574 2756 ¹

360 2863 469 2928 danius
495 2863 587 2925 tantis
609 2869 683 2943 apto
704 2862 890 2928 libidinibus.
938 2865 1054 2928 deinde
1076 2864 1229 2951 Apuleius
1252 2865 1445 2946 haecdicit,
1472 2880 1519 2926 un

360 2967 459 3028 nmtri
479 2984 540 3026 non
562 2966 647 3028 modo
669 2968 816 3029 maiorem
831 2976 859 3030 et
873 2969 1061 3047 comitiolus,
1086 2987 1193 3032 verum
1209 2972 1298 3037 etiam
1314 2969 1448 3034 dinanum
1460 2983 1521 3030 nor·
1573 2991 1574 3006 ι

362 3069 449 3146 dum,
475 3070 519 3131 ita
539 3076 574 3131 ul
597 3069 708 3131 Graeci
730 3064 811 3158 ἱερὰν
834 3064 939 3150 νόσον,
964 3090 1035 3136 uere
1056 3081 1285 3154 nuncuparunt,
1311 3073 1446 3138 videlicet
1464 3067 1521 3154 pud

361 3174 458 3235 alcimi
475 3180 597 3258 partem
619 3173 815 3252 rudentem,
847 3193 924 3258 quae
946 3176 1030 3260 unqe
1052 3177 1246 3242 sanctium
1268 3184 1330 3254 est,
1356 3195 1423 3239 eam
1443 3173 1519 3236 uolet.

361 3277 523 3360 suspicere
548 3275 686 3340 Caelium
712 3297 783 3339 cum
807 3277 859 3340 illa
882 3280 1009 3365 scripsit
1031 3298 1201 3345 memorem
1226 3279 1323 3342 luisse
1346 3277 1474 3361 Apuleii.
1508 3291 1521 3334 a

362 3379 484 3456 Caelio,
516 3388 550 3441 ul
577 3382 694 3462 passim
717 3382 796 3462 alia,
828 3381 966 3445 Isidorus
989 3383 1080 3471 potiit
1104 3401 1184 3464 quae
1207 3381 1295 3464 Orig.
1314 3401 1343 3446 rr
1360 3383 1413 3444 75
1436 3378 1519 3452 habet,

362 3483 508 3566 epilepsia
535 3482 712 3546 vocobulum
734 3487 863 3565 sumpsit
884 3485 962 3568 quod
982 3493 1108 3548 mentem
1131 3485 1361 3570 adprehendens
1381 3487 1487 3570 parier
1503 3483 1523 3540 d

362 3606 472 3670 corpus
491 3586 661 3669 possideat:
688 3588 799 3650 Graeci
819 3590 898 3650 urim
920 3587 1187 3669 adprehensionem
1202 3587 1365 3674 ἐπιληψίαν
1380 3585 1520 3670 adpellant

363 3690 449 3771 quod
471 3709 543 3752 mox
565 3690 664 3770 addit,
690 3690 768 3752 ι’ἀονι
790 3699 836 3754 est
856 3699 885 3754 et
905 3690 1027 3755 morbus
1049 3691 1220 3769 comitialis,
1246 3692 1325 3754 idem
1348 3685 1523 3756 maiorad-

363 3795 465 3870 vinus‚
490 3812 547 3878 quo
569 3793 678 3856 caduci
699 3801 848 3873 tenentur,
873 3795 1003 3858 videtur
1025 3795 1198 3878 sumpsisse
1221 3794 1262 3858 ab
1279 3794 1422 3878 Apuleio.
1457 3784 1521 3872 quod

363 3907 468 3959 autem
492 3896 616 3960 Caelius
647 3898 848 3980 epilepticam
876 3901 1055 3981 passionem
1085 3899 1164 3960 luem
1193 3899 1328 3980 deificam
1356 3899 1417 3964 dioi
1438 3892 1522 3958 scribit

448 4102 471 4167 ⁸)
492 4101 629 4169 (vegetius
656 4104 682 4156 in
702 4107 759 4154 arte
784 4103 943 4156 veteduaria
962 4118 990 4156 ur
1007 4108 1039 4155 52
1061 4106 1178 4169 unpiuas
1202 4109 1280 4156 etiam
1304 4109 1332 4156 in
1353 4106 1454 4168 penus
1473 4111 1518 4150 eu·

364 4191 437 4241 ribus
454 4191 632 4254 annullamus
648 4191 688 4240 vel
700 4191 747 4240 sub
765 4193 846 4241 armis
864 4193 1003 4254 aliquando
1020 4197 1182 4256 ponerentur
1198 4205 1263 4254 quas
1280 4171 1519 4254 oudam'datudut
1573 4185 1574 4266 l

364 4282 472 4327 nocam:
491 4278 583 4330 tatem
604 4277 798 4328 similitudinem
815 4277 917 4328 scabiei
955 4277 1026 4328 idem
1046 4279 1105 4326 vti
1122 4279 1136 4327 l
1154 4277 1261 4329 dulcedo
1277 4281 1393 4341 sequitur
1409 4281 1431 4326 et
1449 4269 1519 4322 soluit
1573 4311 1574 4348 t

363 4366 470 4416 nutris.
508 4375 590 4428 quam
615 4361 788 4414 dulcedinem
814 4364 840 4414 io
865 4363 1035 4428 llippiotricls
1058 4359 1193 4432 ίριθισμδν
1218 4365 1271 4416 dici
1295 4363 1463 4416 schoudoras
1483 4353 1519 4406 od·

367 4450 477 4504 notaui.
515 4450 650 4502 Ausonius
668 4450 752 4514 epigr.
769 4463 828 4500 cvru
848 4465 871 4500 v.
887 4455 915 4498 tt
937 4449 971 4500 de
989 4449 1111 4502 scabioso
1129 4452 1208 4518 donoc
1224 4443 1383 4502 marcomere
1398 4443 1491 4504 calidil
1510 4461 1518 4474 '
1573 4471 1574 4474 ¹

365 4550 427 4585 aare
445 4538 544 4586 marocci
564 4536 679 4585 Blandus
698 4537 768 4586 letati
785 4537 868 4586 soluat
884 4537 1018 4586 dulcedine
1034 4535 1162 4602 oureus.)
