3252 5130
340 342 426 412 612·
736 356 781 416 Er
804 373 909 418 narra.
924 357 1131 416 Βειιοιικιιυει.

338 543 558 626 cognominem
581 541 750 625 distinguit
771 553 876 610 ortum
906 555 955 606 ost
982 542 1119 608 extratsa
1150 542 1413 622 interpretatione
1435 563 1519 626 κρου-

340 647 523 729 ματοποιοῦ,
555 646 641 727 quod
663 665 778 710 nomen
800 647 929 712 Dorioni
958 665 991 728 p.
1017 640 1094 708 337¹
1116 654 1148 706 et
1170 645 1247 706 338·
1269 643 1438 706 tribuitur:
1468 644 1518 706 sed

339 750 424 813 idom
453 769 485 830 p.
512 743 590 812 337d
619 758 748 815 vocatur
776 743 909 835 αιἰλνμός
939 769 1044 831 neque
1081 749 1184 812 aliena
1216 757 1290 812 sunt
1323 740 1475 830 νροόματο
1503 767 1517 808 a

338 852 426 914 tibiis
449 861 503 914 aut
525 852 813 934 nonadpellantur
841 853 989 916 tibicines
1011 847 1259 937 κρουματοποιοί.
1300 849 1387 912 dixit
1416 849 1455 912 de
1476 850 1518 912 his

340 953 504 1021 vocabulis
533 956 750 1026 Volkmaonus
781 957 813 1020 io
842 957 1045 1020 Plutarchum
1063 954 1113 1018 do
1136 954 1263 1016 musica
1284 972 1319 1032 p.
1344 953 1383 1013 73
1413 963 1446 1014 et
1463 971 1516 1014 nn.

339 1058 380 1121 ab
404 1059 462 1122 hoe
484 1060 619 1120 Dorione
641 1077 704 1120 non
728 1057 870 1134 dubium
887 1069 935 1122 est
956 1058 1130 1140 adpellatos
1151 1075 1221 1120 esse
1244 1075 1329 1136 quos·
1345 1056 1518 1120 Plutarchus

297 1165 324 1211 ⁴⁴
338 1183 371 1243 p.
392 1163 473 1222 ll38
498 1169 710 1226 conmemorat
732 1158 936 1245 Δωριωνείοος
959 1171 991 1227 et
1013 1153 1200 1244 Δυριόνειον
1220 1147 1350 1243 τρόπονιΙ
1395 1169 1517 1220 aetate·

338 1285 401 1346 qua
423 1266 539 1328 Dorion
562 1265 642 1324 vixit
664 1261 823 1356 definiunt
845 1283 926 1345 quae
948 1263 1035 1345 apud
1055 1261 1253 1328 Athenaeum
1275 1281 1344 1342 xp.
1365 1263 1426 1324 tas
1449 1262 1519 1340 legi·
1600 1301 1601 1316 ι

338 1387 424 1446 mne,
462 1362 513 1430 καί
547 1363 695 1436 Φίλιππος
727 1359 745 1430 ό
771 1367 833 1434 τοῦ,
854 1362 1046 1452 Ἀλεξάνδρου
1073 1360 1173 1450 πατὴρ
1201 1359 1366 1450 φιλοπότης
1397 1354 1454 1449 ἦν,
1482 1357 1517 1433 ὃς
1600 1365 1601 1454 ί

341 1470 450 1555 ἱστορεῖ
472 1465 701 1552 Θεόπομποςέν
722 1473 759 1552 τῇ
783 1468 855 1554 tao-p
878 1467 938 1534 καί
952 1469 1071 1554 εἰκοστῇ
1100 1470 1159 1534 τῶν
1180 1465 1343 1552 Ἱστοριῶν.
1375 1499 1416 1516 ·-··
1437 1466 1468 1530 ἐν
1489 1463 1517 1528 δὲ

338 1571 481 1659 τῇτρίτρ
504 1568 555 1635 καί
584 1575 766 1656 πεντηκοστῇ
790 1570 857 1657 περί
883 1575 943 1636 τῶν
972 1572 1004 1638 ἐν
1029 1569 1206 1657 Χαιρωνεία
1236 1569 1406 1654 γενομένων
1437 1564 1517 1632 rholo

339 1674 391 1740 καί
424 1670 465 1747 ὡς
499 1672 548 1738 ἐπί
582 1675 698 1740 δεῖπνον
728 1668 863 1742 ἐκάλεσε,
884 1670 952 1748 τοὺς
979 1672 1240 1760 παραγενομένους
1270 1675 1331 1737 τῶν
1360 1668 1516 1756 Ἀθηναίων
1600 1679 1601 1708 l

338 1779 476 1864 πρέσβεις
506 1776 596 1864 (μησίν
629 1772 675 1840 “i
707 1775 740 1842 δὲ
776 1775 923 1851 Φίλιππος
959 1773 1222 1864 ἀποχωρησάντων
1259 1775 1380 1840 ἐκείνων
1415 1770 1518 1844 sibim

340 1876 540 1966 μετεπέμπετό
572 1901 654 1954 τινας
682 1882 742 1944 τῶν
771 1880 899 1966 ἑταιρῶν
922 1881 1025 1946 καλεῖν
1052 1876 1075 1945 τ’
1108 1879 1229 1944 ἐκέλευε
1257 1874 1310 1952 τὰς
1332 1875 1516 1964 αὐλητρίδας,
1600 1867 1601 1892 ³

338 1983 391 2049 καί
408 1978 606 2071 Ἀριστόνικον
628 1979 678 2049 τόν
701 1980 873 2069 κιθαρῳδόν
902 1981 953 2048 καί
974 1981 1120 2069 Δωρίωνα
1147 1977 1209 2048 τὸν.
1226 1978 1360 2067 αιἰλητὴν
1384 1977 1439 2045 ’καί
1458 1976 1517 2051 τοὺς

339 2079 448 2172 ἄλλους
470 2082 539 2158 τοὺς
568 2086 769 2171 εἰθισμένους
785 2082 867 2174 αὐτῷ
895 2085 1076 2171 συμπίνειν..
1106 2081 1264 2171 περιήγετο
1291 2082 1350 2170 γὰρ
1372 2087 1517 2170 πανταχοῦ

336 2185 406 2263 τοός
427 2187 579 2261 τοιοότους
601 2180 618 2252 ό
641 2187 789 2263 Φίλιππος
818 2187 870 2254 καί
898 2185 1198 2274 κατασκευασάμενος
1227 2179 1265 2272 ἦν
1293 2179 1408 2273 ὄργανα
1429 2183 1517 2252 πολλὰ

337 2292 503 2377 συμποσίου
517 2287 568 2356 καί
584 2291 757 2365 συνουσίας·
784 2286 826 2356 ὢν
841 2287 899 2379 γὰρ
915 2289 1078 2379 φιλοπότης
1099 2289 1152 2358 καί
1171 2286 1221 2356 τὸν
1236 2288 1345 2376 τρόπον
1362 2285 1516 2359 ἀκόλαστος

336 2393 387 2461 καί
409 2390 604 2482 βωμολόχους
628 2392 695 2480 εἶχε
716 2391 785 2481 περί
806 2390 894 2462 αὑτὸν
912 2392 1051 2483 συχνοός,
1074 2393 1126 2462 καί
1146 2398 1206 2459 τῶν
1227 2390 1296 2479 περὶ
1308 2389 1362 2478 τὴν
1382 2387 1516 2477 μουσικὴν

336 2492 429 2564 όντων
452 2495 503 2562 καί
524 2502 583 2564 τῶν
606 2494 645 2562 τὰ
666 2499 771 2582 γελοῖα
794 2494 952 2583 λεγόντων.
997 2495 1075 2562 urcio
1105 2496 1139 2562 ii
1160 2493 1215 2581 τὴν
1236 2491 1329 2562 νόκτα
1355 2500 1451 2560 πᾶσαν
1471 2491 1517 2558 καί

337 2597 498 2687 μεθυσθείς
520 2598 596 2667 πολὺ
618 2599 670 2666 καί
691 2597 834 2682 πατάξας,
860 2599 946 2688 ἀφείς
969 2594 1100 2673 ἅπαντας
1129 2597 1197 2673 rode
1226 2593 1338 2672 ἄλλους
1367 2593 1515 2664 ἀπαλλάτ-

225 2725 229 2734 ·
336 2706 443 2770 τεσίλαι
463 2697 524 2790 ἤδη
546 2703 619 2789 πρὸς
641 2699 757 2790 ἡμέραν
779 2701 935 2789 ἐκώμαζεν
958 2699 1000 2775 ὡς
1021 2699 1089 2775 τοὺς
1110 2704 1248 2790 πρέσβεις
1269 2701 1338 2776 τοὺς
1359 2696 1515 2783 ποῖονἈθη-

337 2808 472 2872 ναίων.”.
519 2827 696 2889 congruere
723 2808 852 2872 videtur
880 2808 965 2890 quod
993 2808 1161 2870 Dorionem
1194 2809 1383 2870 memoravit
1410 2807 1515 2868 linesi-

338 2914 469 2976 machus
502 2913 536 2974 iu
566 2913 729 2992 Philippo:
774 2930 847 2973 nam
881 2911 1091 2994 probabiliter
1120 2911 1294 2972 Meinekius
1329 2912 1513 2973 Comicorum

338 3025 360 3079 t.
386 3035 397 3077 r
419 3036 452 3096 p.
472 3017 533 3078 423
563 3023 785 3096 argumentum
815 3016 884 3077 eius
911 3013 1090 3077 comoediae
1120 3013 1160 3075 ad
1190 3013 1388 3076 Macedoniae
1417 3029 1513 3092 regem

337 3119 531 3201 pertinuisse
555 3120 698 3180 coniecit.
731 3117 835 3180 adfert
852 3118 1054 3180 Mnesimachi
1070 3116 1168 3179 verba
1182 3114 1367 3179 Athenaeus
1382 3136 1414 3196 p.
1431 3107 1510 3188 338¹,

337 3215 392 3284 οόκ
415 3215 494 3284 ἀλλὰ
516 3217 568 3283 καί
589 3223 642 3304 τῆς
665 3215 767 3291 νυκτός
799 3220 862 3284 ἐστι
907 3219 1030 3306 Δωρίων
1049 3211 1158 3282 Ἔνδον
1186 3211 1253 3304 παρ’
1286 3212 1359 3302 ἡμῖν
1390 3216 1513 3281 λοπαδο-

338 3318 483 3409 φυσητής.
537 3326 692 3405 scriptum
726 3335 794 3387 erat
827 3322 949 3409 Δωρίων
980 3315 1089 3387 Ἔνδον
1126 3319 1207 3400 ἐστί,
1248 3321 1334 3402 quod
1373 3323 1513 3383 Porsonus

336 3427 520 3490 traiectione
551 3428 704 3488 correxit:
739 3426 838 3489 lateor
866 3429 951 3489 enim
980 3447 1030 3488 me
1060 3445 1124 3487 non
1152 3424 1338 3505 intellegere
1366 3442 1423 3485 our
1447 3421 1512 3482 llei-

337 3530 454 3592 nekius
482 3538 654 3610 praeterea,
674 3526 759 3592 ἔσται
788 3529 993 3592 scribendum
1024 3549 1093 3592 esse
1121 3528 1319 3591 iudicaverit.
1368 3525 1510 3606 congruit,

336 3634 458 3713 opinor,
485 3632 579 3694 etiam
603 3632 688 3713 quod
710 3653 743 3713 p.
769 3633 846 3693 338²
872 3633 1054 3695 Athenaeus
1083 3641 1207 3710 narrat,
1239 3627 1255 3694 ‘o
1286 3624 1377 3700 αὐτὸς
1403 3625 1511 3711 Δωρίων

337 3735 512 3820 καταγελῶν
544 3737 596 3798 τοῦ
629 3734 661 3797 ἐν
694 3739 736 3821 τῷ
770 3732 921 3818 Τιμοθέου
956 3731 1101 3820 Ναυπλίῳ
1140 3735 1291 3820 χειμῶνος
1328 3729 1456 3817 ἔφασκεν
1485 3727 1510 3790 ἐν

335 3833 476 3922 κακκόβα
498 3831 608 3922 ίεοόσρ
630 3835 753 3921 μείζονα
781 3837 949 3923 ἑωρακέναι
970 3841 1117 3923 χειμῶνα.
1165 3857 1238 3899 nam
1262 3836 1440 3898 Timotheus
1463 3833 1511 3894 lli·

336 3943 435 4004 lesius
458 3943 491 4002 in
514 3940 694 4004 Macedonia
717 3941 806 4020 obiit,
832 3951 869 4004 ut
889 3942 1069 4022 Stephanus
1084 3941 1253 4021 Byzantius
1274 3949 1385 4002 narrat
1406 3957 1437 4018 p.
1454 3935 1506 3997 tm

337 4045 454 4122 Mein,
486 4063 568 4106 auno
591 4043 788 4126 Olympiadis
818 4065 854 4106 er
876 4054 1006 4125 quarto,
1038 4054 1074 4105 ut
1108 4063 1148 4105 ex
1176 4061 1330 4104 marmore
1359 4041 1443 4104 Pario
1468 4037 1511 4100 di·

338 4147 474 4225 seimus,
507 4146 610 4209 idest
639 4149 778 4209 triennio
806 4157 973 4228 postquam
997 4147 1158 4228 Philippus
1182 4163 1289 4208 rerum
1313 4147 1430 4226 potitus
1450 4153 1506 4204 est:

337 4267 401 4330 quo
423 4251 564 4330 pertinet
586 4249 671 4331 quod
693 4249 779 4331 apud
794 4249 925 4312 Suidam
941 4250 1067 4329 legitur,
1093 4269 1156 4311 non
1179 4249 1256 4310 satis
1279 4247 1359 4310 illud
1374 4247 1509 4309 adcurate

337 4351 469 4432 dictum,
494 4345 531 4435 ἦν
556 4349 588 4414 δὲ
618 4349 666 4415 ἐπί
692 4356 752 4416 τῶν
775 4347 938 4437 Εὐριπίδου
964 4347 1080 4437 χρόνων
1108 4352 1161 4416 ταῖν
1189 4352 1343 4435 τραγικοῦ,
1373 4343 1441 4412 καθ’
1466 4335 1508 4414 οὓς

337 4452 389 4519 καί
411 4454 559 4526 Φίλιππος
581 4449 598 4518 ὃ
623 4451 773 4518 Μακεδών
797 4454 980 4541 ἐβασίλευεν.
1028 4456 1107 4516 nihil
1131 4456 1228 4536 igitur
1248 4455 1319 4516 veri
1335 4463 1507 4535 potestesse
1545 4459 1548 4462 ”
