3182 5132
332 421 405 492 402
728 434 771 494 Ex
794 450 888 493 ιιιιιιι
912 433 1119 493 Baaaoruausr.

332 615 528 708 σατυρισιής,
559 621 615 684 sed
639 619 803 702 praecedit
825 619 1009 696 ludibrium,
1041 621 1189 701 sequitur
1209 619 1380 696 ludicram,
1410 639 1502 700 oeque

331 725 472 790 dubitari
502 735 605 807 potest
635 724 675 786 de
698 743 773 786 vera
795 724 933 786 nominis
956 721 1066 784 lorma.
1114 713 1147 784 ἰιἰ
1169 722 1230 785 alio
1253 723 1401 804 glossario
1423 733 1503 784 retu·

331 831 479 908 stissimo‚
506 827 590 910 quod
614 826 760 890 editurus
782 845 864 906 sum,
891 827 974 888 inter
990 825 1122 888 deorum
1139 827 1266 888 nomina
1282 826 1397 906 legitur
1412 821 1502 888 Kot-

331 928 482 998 Phthla
510 929 581 1013 (scr.
608 926 769 1015 Κουρῆτες)
796 929 944 992 ludiones.

418 1035 623 1118 Symmachus
645 1035 704 1115 Ep.
723 1053 757 1095 ιιι
774 1035 814 1095 28
843 1033 1021 1095 litterarum
1050 1051 1179 1094 suarum
1208 1031 1366 1094 tarditatis
1387 1052 1504 1094 excusa·

332 1142 447 1202 tionem
471 1139 514 1200 ita
537 1138 615 1216 linit,
642 1137 746 1199 desine
767 1137 862 1219 iprlar
877 1138 1013 1198 animam
1028 1143 1165 1198 ausuum
1180 1137 1381 1218 epistolarum
1396 1139 1505 1199 scritate

331 1244 449 1321 metiri,
474 1259 542 1305 eam
564 1240 654 1302 rebus
676 1242 776 1322 potius
799 1257 890 1322 parom
912 1239 1013 1302 verbis
1036 1247 1187 1321 spectetur
1208 1241 1337 1322 affectio.
1384 1239 1503 1302 Grutero

332 1346 470 1409 debetur
498 1345 622 1408 scritate
649 1345 767 1406 metiri:
803 1342 877 1404 libri
908 1345 1070 1406 severitate
1098 1345 1212 1406 mereri
1239 1343 1369 1407 habent.
1415 1345 1504 1406 extitit

331 1460 436 1512 autem
460 1466 564 1529 nuper
587 1449 642 1529 qui
666 1448 772 1510 inania
794 1444 939 1528 prolerre
955 1465 1049 1528 quem
1065 1455 1171 1508 certae
1188 1447 1416 1510 emendationis
1429 1447 1504 1508 veri-

332 1563 426 1616 tatem
450 1551 643 1634 adgnoscere
666 1552 772 1613 mallet
795 1559 990 1631 negaretque
1009 1549 1130 1631 fingere
1146 1551 1242 1612 licere
1258 1569 1339 1613 nova
1353 1550 1502 1614 vocabula.

332 1658 419 1738 atqui
449 1675 512 1718 non
542 1654 720 1718 inauditum
749 1663 797 1717 est
819 1654 958 1716 seritatis
983 1651 1180 1716 vocabulum.
1228 1654 1410 1718 invenimus
1431 1657 1503 1718 enin

333 1762 365 1824 in
388 1760 500 1841 glossis
522 1759 632 1839 Cyrilli
655 1754 804 1845 βραδόιης
826 1775 925 1837 moro,
950 1775 1084 1835 reruora,
1109 1759 1231 1834 sericos,
1257 1757 1401 1822 tarditas.

418 1863 521 1925 LXIX.
546 1860 640 1944 Apud
663 1862 834 1944 Corippum
858 1859 1047 1922 lohannidos
1062 1879 1096 1921 ιιι
1112 1861 1175 1921 369
1200 1861 1307 1941 inepte
1331 1861 1475 1925 scribitur

743 1967 862 2048 mopais
884 1965 1039 2028 camalam
1061 1970 1107 2027 est
1127 1984 1204 2028 arca
1222 1964 1345 2046 [ocellis

508 2076 657 2133 ettamen
680 2068 776 2131 ardor
798 2071 884 2150 inops
907 2086 1063 2150 naamam
1085 2071 1219 2131 satiatur
1241 2057 1370 2131 auaris.¹

274 2193 320 2238 rso
334 2171 473 2236 absurda
496 2182 571 2234 sunt
593 2189 675 2252 quae
697 2172 956 2234 Maaaucchellius
977 2180 1013 2234 ut
1031 2170 1151 2252 sacellos
1174 2171 1254 2234 illud
1277 2173 1446 2252 explicaret
1466 2183 1506 2234 at-

332 2277 415 2339 tulit.
456 2278 524 2358 ipse
547 2276 733 2338 memoravit
748 2276 918 2338 Iohannem
935 2275 974 2336 de
990 2276 1084 2336 Bonis
1100 2276 1155 2355 qui
1176 2275 1208 2335 in
1224 2276 1365 2338 carmine
1382 2276 1504 2357 quodam

332 2399 389 2443 suo
411 2380 575 2462 scripserit
597 2382 719 2442 ineatur
742 2386 769 2441 et
791 2397 920 2462 mopsus
947 2376 1052 2460 (immo
1068 2375 1196 2461 mapale)
1216 2379 1371 2442 mmalata
1385 2389 1427 2442 est
1441 2399 1505 2442 ores

332 2485 463 2547 sacellis.
505 2484 532 2544 is
548 2484 645 2564 igitur
661 2482 818 2545 intellexit
834 2501 896 2562 quo
912 2481 1011 2544 verbo
1029 2482 1185 2563 Corippus
1199 2499 1277 2543 usus
1293 2493 1388 2545 esset.
1422 2494 1505 2564 atque

333 2586 417 2648 idem
435 2587 590 2668 Corippus
613 2586 653 2648 de
676 2584 1075 2648 laudibuslustini1r33i
1096 2585 1224 2665 scripsit
1239 2581 1370 2668 lopati
1389 2605 1506 2650 sumas

329 2692 386 2772 pia
406 2709 489 2774 parea
511 2691 633 2766 sacelli,
665 2687 721 2753 ubi
744 2709 826 2772 paro
848 2697 960 2752 neutro
983 2708 1100 2769 genere
1123 2688 1242 2752 dictum
1267 2709 1329 2751 non
1352 2692 1443 2773 pleno
1465 2692 1506 2752 in-

331 2792 474 2857 auditum
491 2802 554 2856 est:
582 2792 677 2856 hehet
693 2793 777 2856 enim
795 2792 1036 2855 Commodianus
1052 2811 1073 2854 ιι
1091 2793 1129 2853 l3
1149 2794 1187 2856 ⁴2
1203 2813 1265 2855 aaa
1280 2813 1389 2876 operas
1400 2795 1503 2877 scats,

331 2917 392 2959 aaa
413 2898 526 2959 murm
546 2917 625 2980 pazo
637 2898 770 2980 paratis,
798 2897 838 2957 30
857 2897 893 2957 tt
920 2897 951 2958 ia
965 2916 1043 2979 pazo
1055 2903 1219 2978 praeterea
1234 2897 1271 2958 de
1286 2897 1389 2961 labare
1403 2900 1505 2960 mitae

332 2999 430 3064 debes.
477 3001 630 3082 scriptum
662 3009 710 3063 est
739 3001 867 3064 sacellos
897 3001 928 3060 in
952 2998 1044 3062 libris
1068 3000 1203 3062 Petronii
1227 3021 1259 3081 p.
1279 2999 1377 3064 tati
1400 3001 1503 3065 Bacch

334 3121 439 3184 neque
452 3103 638 3166 mutandum
652 3113 720 3166 erat
733 3103 765 3166 in
778 3104 931 3167 saccellos.
958 3104 991 3164 in
1003 3105 1172 3184 Excerptis
1184 3104 1295 3183 glossis
1307 3105 1454 3186 Stephani
1466 3113 1505 3166 est

332 3207 516 3269 sacellarius
539 3203 790 3292 βαλαντιοφόλαὶ.
834 3209 924 3270 auius
941 3206 1084 3269 vocabuli
1107 3207 1153 3268 sio
1172 3209 1283 3288 scripti
1299 3209 1360 3271 alia
1376 3207 1504 3289 exempla

333 3310 441 3391 Gangii
465 3311 649 3392 glossarium
673 3310 817 3393 praebet.

318 3449 319 3452 =
419 3414 509 3476 LXX.
539 3413 589 3476 Ad
612 3413 805 3498 Thucydidis
828 3431 1006 3476 sermonem
1030 3414 1284 3497 intellegendum
1306 3435 1369 3478 non
1392 3415 1504 3497 pmdea

332 3536 423 3579 caeca
438 3517 616 3598 gravissimi
633 3518 796 3598 scriptoris
811 3516 988 3598 admiratio,
1012 3535 1129 3599 neque,
1148 3530 1182 3581 ut
1197 3519 1299 3582 libere
1317 3520 1415 3582 diram
1431 3516 1504 3600 quod

333 3621 446 3699 sentio,
470 3621 564 3684 anxia
587 3629 618 3680 et
640 3639 770 3701 operosa
793 3621 1003 3702 interpretum
1027 3622 1227 3702 quorundam
1251 3621 1409 3686 subtilitas
1422 3641 1503 3684 num-

333 3742 427 3804 quum
451 3724 568 3786 nocuit.
616 3724 749 3786 multum
773 3733 880 3786 eutem
898 3723 1028 3806 prodest
1044 3724 1214 3788 informare
1229 3729 1335 3790 animo
1352 3727 1503 3807 imaginem

332 3827 469 3890 hominis
499 3843 611 3906 magno
642 3827 768 3907 ingenio
798 3847 976 3909 magnaque
1005 3829 1161 3909 sapientia
1190 3831 1328 3911 praediti
1358 3839 1502 3908 mumque

333 3949 438 3993 rerum
470 3938 629 4010 gestamur
653 3929 954 4011 perscribendamm
979 3933 1131 3994 rationem
1154 3932 1195 3994 ad
1217 3935 1296 3996 artis
1318 3935 1502 3997 severitatem

334 4033 522 4110 revocantis,
547 4034 604 4096 sed
626 4052 663 4095 ea
678 4041 781 4096 aetate
797 4054 859 4115 qua
877 4054 968 4115 prosa
983 4032 1158 4098 Atticorum
1174 4036 1274 4098 oratio
1289 4037 1427 4100 nondum
1439 4034 1503 4096 setis

332 4135 468 4214 exculta,
494 4136 657 4199 rhetorum
679 4146 784 4200 autera
807 4141 986 4219 praeceptis
1003 4139 1092 4201 modo
1109 4139 1296 4203 aanlormari
1313 4151 1419 4222 coepta
1434 4147 1501 4200 erat.

333 4237 440 4318 itaque
471 4248 501 4300 et
530 4238 673 4302 abutitur
694 4243 841 4303 oratoriis
863 4242 1005 4304 artificiis
1027 4243 1166 4305 novitate
1190 4252 1256 4305 tum
1279 4241 1502 4306 blandientibus

334 4349 365 4402 et
387 4340 524 4404 luctatur
546 4342 636 4423 quasi
660 4363 731 4406 oum
755 4363 899 4407 sermono
923 4347 1085 4426 multaque
1106 4347 1261 4409 conmittit
1278 4367 1358 4429 quae
1373 4343 1501 4408 excusari

331 4453 475 4526 possunt,
501 4444 623 4507 laudari
646 4455 752 4510 autem
776 4459 808 4510 et
831 4459 989 4531 tamquam
1005 4448 1164 4531 perlectae
1179 4451 1259 4512 artis
1274 4449 1412 4533 exempla
1427 4467 1500 4512 mm-

333 4547 477 4611 mendari
501 4549 686 4630 neutiquam
710 4549 841 4618 dehent.
889 4552 1112 4616 demonstrabo
1130 4554 1180 4616 hic
1195 4555 1345 4618 orationis
1359 4551 1498 4636 quandam
