3156 5132
552 336 720 446 bulioen.
1153 369 1227 442 325

56 575 152 656 quales
180 573 317 655 populus
343 574 501 636 Romanus
532 574 634 634 iacere
665 573 796 637 solebat.
844 575 984 655 loquitur
1012 574 1053 636 de
1082 575 1230 636 asteismo

55 679 101 758 quii
123 697 178 758 per
198 675 440 738 similitudinem
456 675 520 737 liat.
566 696 623 758 per
637 678 876 754 similitudinem,
901 677 1044 760 montedo
1059 677 1232 741 dictumest

53 783 85 841 ile
106 779 253 857 Carbone,
285 781 339 862 qui
358 787 475 843 mortuo
500 783 622 860 Crasso,
647 781 765 844 bomine
783 781 889 862 selice,
921 782 1041 843 inimico
1063 799 1134 859 suo,
1160 789 1231 844 onte

52 885 186 946 etseras
206 883 317 964 llorere
339 885 442 966 coepit,
471 885 645 966 ‘postquam
662 885 795 948 Crassus
817 884 908 946 curbo
927 885 1029 966 sactus
1045 878 1113 962 est,’
1141 883 1232 948 idest
1339 887 1344 902 '

51 990 143 1069 periit,
170 987 286 1050 ‘Carbo
308 1005 435 1050 crassus
454 987 557 1069 sactus
580 982 644 1051 est?
692 995 721 1050 et
738 987 816 1050 illud
830 988 867 1049 de
884 989 1028 1068 Pompeio,
1055 989 1108 1069 qui
1120 989 1229 1051 coloris

49 1099 109 1154 crat
130 1090 215 1154 ndei
234 1090 288 1153 sed
302 1091 401 1153 animi
414 1092 621 1163 inverecundi,
649 1093 753 1174 ‘prem
767 1110 828 1153 nan
841 1089 933 1172 pudet
946 1097 975 1153 et
989 1089 1086 1168 nabet,
1110 1110 1171 1153 non
1186 1099 1231 1155 est

49 1196 134 1276 torno,
158 1195 212 1258 sed
233 1188 340 1276 rapio?
383 1195 469 1276 ropio
491 1201 592 1256 autem
606 1202 651 1258 est
665 1203 719 1257 aut
733 1196 861 1257 minium
875 1201 930 1256 aut
943 1194 1035 1275 piscis
1051 1193 1159 1257 raucus
1174 1203 1229 1258 out

48 1303 135 1380 penis¹
180 1299 210 1360 in
238 1297 321 1358 libro
342 1296 490 1360 Bobiensi
513 1299 649 1360 mimium
671 1307 704 1360 ot
721 1317 799 1380 pene
821 1297 974 1378 scriptum
997 1307 1062 1377 est,
1093 1286 1270 1366 miniumas

50 1413 76 1466 et
93 1405 177 1484 penis
192 1401 457 1464 vindobonenses
479 1411 666 1482 posuerunt,
693 1420 827 1482 quorum
852 1400 930 1464 illud
953 1411 1076 1464 eertum
1095 1411 1153 1482 est,
1173 1401 1229 1464 boc

52 1508 110 1568 reri
132 1507 241 1568 saltem
265 1505 380 1568 simile.
427 1507 516 1586 prior
538 1505 716 1566 versiculus
739 1504 914 1585 quadratus
936 1514 995 1581 est,

115 1617 273 1692 postquam
297 1610 430 1670 Crassus
453 1607 544 1670 carbo
563 1608 675 1689 factus,
704 1607 802 1669 Carbo
824 1625 950 1670 massus
970 1608 1072 1688 sactus
1095 1616 1149 1685 est,

50 1713 240 1794 explicationi
272 1713 342 1775 eius
370 1713 593 1792 grammaticus
621 1710 723 1773 aliena
753 1721 784 1773 et
814 1711 889 1773 lalsa
916 1709 1094 1772 admiscuit.
1143 1722 1226 1774 recte

48 1827 141 1879 autem
164 1815 427 1879 vindobonenses
450 1815 665 1876 meminerunt
689 1813 722 1875 C.
749 1815 866 1894 Papirii
889 1814 1059 1892 Carbonis,
1093 1815 1166 1894 qui,
1192 1825 1227 1876 ut

49 1922 147 1982 Cicem
176 1919 217 1982 de
239 1939 287 1981 or.
306 1937 340 1982 tu
363 1917 434 2002 §to
459 1919 519 1996 ait,
551 1918 789 1980 inimicissimus
813 1919 872 1980 luit
894 1921 927 1980 L.
953 1918 1071 1978 Licinio
1095 1917 1222 1979 Crasso:

49 2027 156 2106 quippe
179 2025 314 2088 Crassus
343 2031 466 2104 patrem
490 2022 559 2084 eius
585 2023 782 2084 accusatione
805 2041 842 2084 eo
864 2021 1014 2102 adegerat
1037 2031 1071 2082 ut
1094 2031 1224 2082 mortem

50 2127 99 2188 sibi
131 2129 197 2209 ipse
228 2127 451 2188 conscisceret.
498 2124 636 2187 habebat
663 2124 764 2186 Carbo
795 2125 848 2187 ille
877 2144 1049 2206 cognomen
1073 2122 1223 2204 Aruinae,

51 2239 312 2294 commemoratum
326 2229 478 2291 avalerio
489 2231 622 2290 Maximo
634 2229 694 2290 nti
709 2231 739 2290 3.
771 2227 855 2309 quod
869 2247 1039 2308 cognomen
1053 2228 1082 2289 ei
1095 2236 1227 2308 propter

51 2336 154 2415 pingue
177 2353 293 2415 corpus
315 2353 332 2394 a
355 2334 449 2414 vulgo
472 2333 573 2394 iocose
596 2330 741 2395 additum
765 2351 835 2394 esse
859 2351 921 2392 non
945 2330 1068 2394 dubito.
1110 2330 1225 2410 quodsi

51 2457 113 2499 vero
134 2455 228 2518 supra
252 2435 380 2500 modum
404 2437 612 2517 pinguescere
635 2437 739 2517 eoepit
761 2445 831 2516 post
854 2443 986 2496 mortem
1009 2434 1125 2512 Crassi,
1150 2452 1226 2496 ver-

50 2541 154 2602 siculus
176 2540 229 2602 ille
254 2559 293 2602 ex
316 2541 400 2603 omni
416 2550 506 2621 parte
522 2540 642 2603 facetus
658 2549 716 2602 est.
762 2540 860 2620 periit
874 2548 979 2602 autem
997 2539 1128 2600 Crassus
1143 2556 1225 2598 anno

50 2641 82 2702 ab
102 2664 132 2706 u.
156 2664 183 2706 c.
209 2664 340 2725 ucesiu,
374 2644 475 2707 Carbo
498 2644 675 2708 trucidatus
697 2654 745 2706 est
767 2663 849 2705 anno
871 2661 999 2705 necuit.
1047 2643 1128 2704 alter
1150 2660 1226 2702 ver-

50 2747 153 2812 siculus
174 2748 330 2812 Sotadeus
353 2757 412 2828 est,
437 2750 538 2812 solnta
561 2748 670 2812 ultima
694 2748 769 2827 arsi,

164 2871 249 2935 mem
273 2871 333 2914 noa
353 2852 447 2934 medat
468 2861 497 2916 et
518 2852 615 2930 nebat,
641 2873 701 2915 non
724 2859 769 2915 cst
789 2852 884 2926 bomo,
910 2849 964 2912 sad
985 2851 1080 2931 rapio.

51 2955 195 3018 commode
213 2957 429 3018 meminerunt
440 2955 702 3019 vindobonenses
718 2975 826 3018 eornm
839 2973 920 3035 quae
933 2954 1104 3016 Suetonius
1116 2962 1225 3014 narrat

51 3057 83 3118 do
103 3062 311 3139 grammaticis
329 3079 398 3141 cap.
420 3060 470 3140 tt,
496 3063 633 3122 Lenaeus
649 3061 756 3144 Mapni
771 3059 902 3139 Pompeii
915 3057 1041 3120 libertus
1060 3102 1067 3117 .
1089 3103 1095 3116 .
1117 3103 1123 3116 .
1142 3063 1224 3118 tanto

51 3179 138 3224 umore
168 3183 244 3247 erpa
274 3166 401 3246 patroni
428 3165 604 3226 numeriam
632 3163 734 3225 extitit
761 3169 795 3224 ut
823 3161 1006 3224 Sallustium
1034 3159 1221 3235 historicam,

51 3265 116 3344 pou
140 3285 205 3328 eum
236 3269 301 3328 am's
320 3267 426 3348 probi,
457 3270 558 3328 animo
580 3265 783 3328 r'uoerecundo
804 3266 993 3346 scripsisset,
1025 3263 1224 3325 acerbissima

51 3375 143 3430 sutoro
163 3371 357 3433 laceraverit.
405 3369 539 3452 adparet
554 3371 651 3432 animi
669 3366 877 3431 inverecundi
894 3368 1222 3430 commemorationem

53 3489 102 3548 qua
122 3473 270 3536 Claudius
293 3473 446 3536 Sacerdos
475 3493 552 3537 usus
580 3483 629 3536 est
656 3481 813 3554 sumptam
844 3472 992 3554 primitus
1019 3489 1089 3533 esse
1111 3488 1129 3531 a
1152 3469 1223 3532 Sal-

53 3573 139 3637 lustio.
184 3597 219 3640 os
242 3577 376 3658 probum
401 3579 540 3661 Pompeii
565 3587 716 3640 memorat
739 3577 832 3638 etiam
857 3577 977 3638 Plinius
995 3577 1064 3637 Nat.
1090 3575 1164 3636 hist.
1182 3593 1223 3636 vu

53 3673 111 3755 §53
133 3689 162 3742 et
183 3700 282 3743 mvn
306 3678 393 3763 §lb
441 3681 582 3762 denique
604 3683 767 3763 pertinent
790 3680 853 3742 huc
875 3697 958 3760 quae
974 3680 1096 3741 Seneca
1115 3689 1224 3740 narrat

54 3779 99 3860 Ep.
117 3784 146 3843 ll
167 3786 203 3864 i,
235 3785 314 3848 nibil
342 3793 409 3848 erat
437 3787 558 3848 mollius
587 3805 639 3848 ore
664 3785 803 3866 Pompeii.
850 3799 1015 3865 numquam
1037 3803 1097 3844 uon
1120 3801 1223 3845 caram

51 3883 172 3960 pluribus
199 3887 321 3965 mouit,
352 3890 454 3970 utique
483 3891 514 3952 in
544 3889 741 3951 cantionibus.
788 3897 896 3950 utrum
926 3889 1010 3968 rapio
1032 3888 1074 3948 sit
1096 3885 1223 3949 arbeita

55 3983 129 4049 Plinii
159 4010 198 4053 an
232 3991 320 4055 aliud
356 3992 552 4074 significetur
581 4012 644 4054 non
674 3992 825 4055 diiudica.
879 3991 995 4053 mullus
1023 3988 1176 4052 barbatus
1204 4009 1222 4052 a

56 4087 133 4154 Callis
153 4102 255 4179 roupat
276 4095 406 4158 dicitur.

124 4197 167 4259 vl.
191 4198 327 4260 bitfioite
350 4209 398 4261 est
420 4219 456 4261 ea
481 4200 652 4263 emendare
681 4197 763 4280 (sunt
785 4208 892 4261 autem
914 4197 1061 4280 plurima)
1090 4214 1172 4276 quae
1187 4197 1241 4258 in*

56 4291 159 4372 lputeii
188 4301 280 4364 libris
310 4313 380 4384 post
410 4303 524 4366 multos
554 4304 725 4366 multorum
748 4313 781 4364 et
803 4303 919 4383 partim
942 4299 1035 4362 valde
1059 4299 1221 4362 doctorum

58 4392 194 4466 bominum
216 4404 342 4467 labores
365 4405 505 4469 nondum
530 4416 615 4468 recte
632 4407 749 4487 scripta
765 4417 851 4469 sunt.
898 4425 970 4467 nam
987 4413 1116 4486 praeter
1131 4423 1221 4464 mon-

59 4507 138 4564 strosa
164 4525 255 4592 saepe
288 4509 389 4590 ipsius
410 4509 583 4572 Florentini
614 4510 807 4590 exemplaris
829 4513 905 4574 vitia
929 4519 1046 4574 certam
1070 4512 1221 4575 emenda-
