3156 5132
438 458 605 517 Τιιοτιικοε
628 453 769 514 Gustus.
1123 435 1197 506 285

77 645 120 714 ’ότι
146 643 238 732 ήνίκα
263 639 399 731 βιάζεται
422 639 478 707 ὑπὸ
500 646 556 706 τῶν
581 642 731 726 θηρευτών
755 637 812 705 ἀπὸ
835 643 886 705 τοῦ
909 644 1043 726 κρημνοῦ
1064 642 1147 726 πηδᾷ

20 756 57 826 εἰς
80 747 172 840 βάθος
196 745 273 813 κατὰ
295 752 351 812 τῶν
374 741 507 832 κεράτων
530 743 582 809 καί
605 741 641 809 οὐ
665 739 846 830 βλάπτεται,
878 741 930 810 ἐὰν
954 743 988 809 δὲ
1011 741 1052 830 μή
1075 741 1143 809 κατ’

21 854 111 921 αὐτῶν
134 848 328 938 κατενεχθεὶς
349 845 444 936 τόχη,
468 852 665 913 κατακλᾶται.

78 953 123 1024 ότι
151 953 169 1022 ό
199 953 342 1040 αἷγαγρος
370 949 419 1018 τὸν
447 952 563 1038 πατέρα
590 953 754 1038 γηροκορεῖ
782 948 832 1016 καί
861 945 910 1017 ότε
936 956 979 1038 τῷ
1000 949 1087 1038 γήρει
1109 949 1150 1037 μή

20 1065 150 1150 προϊέναι
173 1054 300 1124 δόναται
321 1061 364 1143 τῷ
387 1050 511 1141 στόματι
533 1055 633 1142 φέρων
657 1050 738 1141 αὐτῷ
760 1051 887 1142 βοτάνην
903 1054 954 1120 καί
975 1049 1054 1143 όθωρ
1071 1052 1151 1121 ἀπο-
1169 1070 1183 1116 5

22 1168 136 1254 τρέφει,
167 1158 269 1247 ὥσπερ
291 1157 369 1225 κατὰ
391 1157 548 1224 θάλασσαν
572 1160 604 1223 αἱ
625 1155 769 1232 ἀλκυόνες
791 1155 840 1224 τὸν
864 1155 1013 1246 κηρόλον,
1037 1161 1154 1247 πατέρα

24 1269 132 1336 αὐτῶν·
165 1261 246 1332 οότω
274 1261 331 1350 γάρ
354 1258 534 1346 ὀνομάζεται
556 1261 715 1348 γηράσκων
738 1258 754 1326 ό
777 1255 867 1349 όρνις.
914 1258 1025 1348 ὁμοίως
1049 1261 1082 1328 δὲ
1104 1261 1155 1328 καί

25 1369 161 1458 πελαργοί
184 1367 218 1434 τό
243 1363 315 1432 αὐτὸ
337 1371 482 1430 ποιοῦσιν.

82 1471 127 1540 ότι
149 1470 166 1538 ό
191 1469 335 1558 αἴγαγρος
353 1471 435 1557 φιλεῖ
458 1472 571 1553 μᾶλλον
594 1465 631 1532 τά
653 1465 717 1533 ἴδια
738 1469 840 1547 τέκνα,
865 1463 941 1534 ὥστε
956 1469 1008 1534 καί
1024 1467 1155 1556 ἀγρευο-

30 1581 118 1664 ρένοις
140 1575 307 1642 ἀκολουθεῖ
328 1569 379 1639 καί
400 1573 552 1638 κοινωνεῖν
574 1576 627 1656 τῆς
648 1569 742 1658 τόχης
764 1573 874 1638 ἐθέλει.
1179 1585 1210 1634 10

84 1675 128 1746 ότι
150 1683 184 1744 ἐν
208 1682 252 1764 τῷ
274 1677 376 1764 κέρατι
399 1673 438 1749 ὡς
459 1671 598 1762 τρόπημα
620 1673 687 1760 ἔχει
710 1670 750 1738 δι’
777 1669 812 1740 οό
835 1673 885 1741 τόν
908 1673 984 1763 ἀέρα
1006 1679 1088 1742 ἕλκει
1106 1675 1157 1742 καί

32 1782 74 1868 τήν
95 1781 189 1868 πνοήν
214 1778 257 1854 ὡς
279 1777 326 1845 ἐπὶ
350 1775 446 1866 ῥινός·
471 1776 524 1843 ἐὰν
549 1777 581 1842 δέ
603 1802 646 1850 τις
670 1773 742 1844 αότό
765 1775 875 1865 φράξη,
901 1776 1096 1866 ἀποθνήσκει.

86 1913 151 1974 κερ.
181 1882 234 1958 ις’.
281 1881 349 1970 περί
378 1885 438 1946 τῶν
466 1883 497 1945 ἐν
527 1876 633 1967 Κρήτη
665 1882 765 1966 αἰγῶν.
812 1876 858 1947 ότι
887 1885 919 1947 ἐν
943 1879 1048 1970 Κρήτη
1077 1882 1218 1970 αίγεςκνι

35 1987 214 2075 τοξευόμενοι
242 1985 377 2052 ἐσθίουσι
400 1981 526 2072 βοτάνην
551 1983 692 2069 δίκταρον
715 1983 767 2049 καί
790 1982 878 2059 εὐθὺς
902 1983 1106 2074 ἀποβάλλουσι
1128 1985 1160 2053 τὸ

39 2096 112 2178 βέλος
133 2091 187 2158 καὶ
211 2089 304 2176 ὖγιεῖς
326 2089 469 2175 γίνονται.
1184 2105 1214 2155 15

90 2191 134 2261 ότι
155 2199 215 2260 τῶν
240 2191 454 2258 Καππαδοκῶν
478 2193 509 2255 αἱ
532 2189 615 2276 αἶγες
637 2189 785 2278 κείρονται
806 2188 838 2257 τό
862 2189 974 2278 αἴγειον
997 2193 1088 2280 ἔριον.
1205 2196 1209 2207 ’

91 2325 157 2386 κερ.
187 2295 240 2370 ιζ’.
290 2295 357 2383 περὶ
388 2289 509 2381 δόρκοο.
554 2288 600 2359 ότι
630 2291 683 2359 ἐὰν
714 2290 894 2380 διωκόμενος
916 2293 1030 2383 Ιθόρκος
1061 2295 1236 2386 ρικρόνκνιι

47 2407 83 2486 τῇ
104 2401 154 2468 καί
177 2396 316 2489 οόρήση,
340 2399 431 2464 πλέον
453 2401 555 2485 τρέχει
577 2396 629 2463 καί
651 2395 819 2485 διαφεύγει.

93 2499 137 2571 ότι
159 2507 188 2568 οί
213 2500 318 2590 ὃόρκοι
339 2499 390 2568 καί
412 2503 440 2566 οί
461 2501 599 2588 πέρδικες
622 2495 763 2587 ἀλλήλων
786 2501 869 2588 ιρίλοι
890 2503 984 2568 εἰσίν·
1016 2500 1086 2569 ὅθεν
1111 2501 1160 2568 ὑπ’

47 2601 167 2691 ἀλλήλων
194 2604 246 2670 διὰ
268 2609 327 2670 τῶν
352 2607 506 2691 θηρεοτῶν
530 2595 725 2690 ἀγρεόονταιί.
1185 2619 1218 2668 20

97 2705 139 2776 ότι
159 2704 238 2775 όποο
261 2703 298 2773 ἀν
321 2711 355 2772 ἐκ
377 2713 429 2793 τῆς
453 2705 563 2794 ἀγέλης
585 2705 628 2780 εἷς
652 2703 844 2794 ἀποπατήση,
868 2711 932 2775 ἐκεῖ
953 2708 1004 2774 καί
1020 2712 1048 2775 ολ
1064 2703 1163 2777 ἀλλοι.
1230 2729 1261 2775 ⁴³

50 2805 230 2894 ἀγελάζονται
254 2811 288 2876 δὲ
311 2807 465 2896 μετὰτῶν
489 2806 636 2897 όνάγρων.

101 2943 165 3004 κερ.
192 2912 247 3002 ιη’.
294 2913 362 3002 περί
391 2917 524 3000 λαγωοῦ.
571 2908 616 2980 ότι
645 2918 704 2981 τῶν
736 2919 863 3001 λαγωῶν
891 2912 911 3002 ἡ
940 2913 1049 3002 θήλεια
1078 2917 1169 2984 τίκτει
1181 2941 1252 2982 κνιιι

52 3015 90 3080 καί
114 3021 211 3106 ἕτερον
243 3018 358 3106 ἔχουσα
388 3020 420 3082 ἐν
447 3043 484 3104 πη
512 3017 617 3104 γαστρί
645 3017 848 3084 ἐπικυΐσκεται
870 3018 920 3084 καί
943 3019 987 3085 ἔτι
1008 3019 1060 3086 καί
1081 3017 1169 3109 γάμιρ

52 3123 244 3210 προσέρχεται.
1191 3137 1223 3187 25

105 3219 146 3290 ότι
167 3223 183 3290 ό
206 3222 309 3312 λαγὼς
330 3223 401 3290 ποτὲ
425 3223 478 3310 μὲν
500 3224 614 3310 γίνεται
637 3218 743 3312 ἄρρην,
767 3225 839 3291 ποτὲ
861 3225 895 3291 δὲ
917 3223 1038 3312 θήλεια.

107 3322 147 3393 ότι
169 3331 201 3396 αί
224 3325 349 3414 θήλειαι
370 3321 421 3393 ότε
443 3326 549 3394 κόοοσι
571 3329 707 3416 βραθεῖαί
729 3331 803 3395 εἰσιν
826 3326 934 3415 ὁμοίως
948 3327 1007 3398 καὶ
1029 3333 1061 3395 ἐν
1082 3336 1171 3418 πηλῷ

60 3429 234 3510 βαδίζουσαι·
261 3434 293 3497 ἐν
317 3432 350 3496 δὲ
372 3431 440 3518 ἔαρι
461 3433 564 3518 ταχεῖς
588 3437 701 3518 μᾶλλον
725 3435 753 3498 οί
776 3433 901 3518 λαγωοί.

19 3599 22 3620 γ
111 3529 150 3599 ότι
166 3535 259 3602 δειλοί
274 3529 356 3608 όντες
368 3537 399 3599 ἐν
414 3538 458 3620 τῷ
473 3530 632 3602 καθεύδειν
649 3533 717 3610 τοὺς
727 3534 902 3624 όρθαλμούς
914 3537 1036 3625 ἔχουσιν
1052 3534 1173 3625 ήκειργ-

63 3657 159 3712 γιεκοος.
1195 3656 1228 3704 30

113 3733 153 3804 ότι
173 3737 192 3826 ἡ
214 3738 306 3830 χροιά
330 3736 427 3807 αὐτῶν
449 3739 531 3807 ἔοικε
551 3747 589 3828 τῇ
611 3747 651 3829 γῇ
674 3744 705 3807 ἐν
727 3735 748 3830 ᾖ
771 3743 1016 3830 ἐνδιατρίβουσα.

129 3899 248 3909 --—--—

138 3983 242 4052 αρσια
259 3988 289 4036 Α.
380 3983 551 4037 minan.
641 3984 714 4056 τὺχοι
732 3989 762 4037 Α.
853 3987 950 4053 θεὸν]
975 3985 1152 4058 πρὸςτὸνλ.

72 4077 104 4112 ἵά
118 4067 182 4138 γήρει
199 4085 229 4136 pr
246 4073 282 4132 Α,
302 4069 368 4142 γήρα
386 4085 448 4121 σοιν·
466 4075 496 4121 Λ.
574 4072 639 4138 Ορρ.
661 4073 726 4136 Cyn.
748 4073 877 4122 1134535.
958 4078 981 4123 6.
1002 4071 1097 4142 κίρκον
1115 4077 1148 4125 A:
1170 4087 1233 4124 cor-

75 4153 217 4206 ιιιὶιειίοπι
237 4159 270 4208 Μ.
360 4161 383 4206 9.
405 4158 473 4223 ογιρ.
499 4157 564 4221 Cyn.
586 4159 606 4208 11
624 4162 715 4208 mss.
806 4160 934 4224 Η.ορρ.
961 4159 1029 4224 Cyn.
1050 4160 1144 4211 11338.

78 4235 153 4286 ίλλι·
179 4241 401 4308 ΙΧθΜίΜ.
496 4241 733 4312 ίί.θικταμῶνλ.
829 4247 870 4294 46.
891 4247 935 4294 Ar.
956 4245 1232 4310 V11128p‚6⁰6³÷⁶

77 4319 110 4368 καὶ
123 4321 145 4372 ἐν
156 4321 231 4398 λνιίρ
250 4325 356 4397 (κτλικίρ
374 4329 434 4379 libri
455 4342 508 4380 non
523 4329 597 4392 nulli)
620 4327 645 4380 αί
662 4327 732 4398 αἶγες
744 4327 876 4399 κείρονται,
898 4329 983 4400 ὥσπερ
995 4327 1026 4381 τὰ
1038 4329 1153 4400 πρόβατα
1165 4328 1234 4398 παρὰ

78 4406 217 4470 θῖεαλλοις,
307 4419 348 4464 47.
369 4416 435 4481 Ορρ.
456 4415 523 4480 Cyn.
545 4415 682 4466 lvmss.
780 4421 820 4468 ⁴9.
842 4417 907 4482 Ορρ.
930 4417 996 4481 Cyn.
1019 4417 1145 4467 1184753.

83 4499 100 4535 '¹¹
126 4491 231 4566 ἀλλήλων
254 4498 303 4552 θπθ
322 4503 355 4551 λλ.
454 4506 495 4551 2³.
518 4502 583 4566 Ορρ.
610 4502 677 4564 Cyn.
699 4502 733 4551 ΙΙΙ
751 4507 809 4552 548.
910 4503 1116 4574 καταχεῖται
1144 4505 1235 4571 παχεῖς

84 4575 106 4623 Α.
177 4589 213 4636 ιι,
232 4589 297 4653 opp.
319 4588 384 4652 eyn.
407 4587 438 4637 ιιι
454 4591 512 4637 ιιι.

125 4677 222 4734 Ennii
234 4687 345 4740 θρσεεαΙε
359 4687 398 4729 111.
1001 4693 1031 4742 19
