3156 5132
319 371 393 444 348
713 387 758 446 Ex
777 405 879 448 ἰιιιιιιι
904 389 1112 448 Braonmaxsi.

317 577 507 639 vetustiores
536 576 618 638 alius
646 575 740 637 aliter
771 575 950 656 interpolati
974 585 1059 638 sunt.
1107 595 1201 657 porro
1225 576 1258 638 in
1282 577 1380 640 Fastis
1400 577 1487 640 Ovidii

316 698 350 740 ιιι
367 679 428 740 093
453 676 494 740 de
508 677 611 758 Anna,
638 697 720 760 quae
735 680 866 740 Martem
881 680 1043 742 Minervae
1064 697 1171 740 amore
1195 680 1361 741 incensum
1377 679 1488 758 delusit,

316 783 395 845 baeo
424 782 592 862 leguntur,
625 784 697 844 risit
724 787 890 844 amatorem
921 801 1014 844 corne
1036 799 1117 843 novo
1138 781 1212 843 divo
1233 784 1402 845 uina-vae.
1445 783 1490 844 sed

317 904 410 948 aerae
432 882 511 947 illud
533 903 688 966 perquam
705 884 848 966 ineptum
863 895 922 946 est.
970 884 1127 947 intellexit
1144 884 1202 946 hoe
1217 873 1329 948 Petrus
1344 888 1488 962 Francius,

316 991 370 1069 qui
400 996 502 1052 oostoe
531 987 739 1050 scribendum
769 1007 840 1051 esse
871 989 1016 1052 oonieeit.
1064 988 1174 1050 soitius
1205 988 1369 1052 Bentleius
1396 1009 1488 1051 roone.

316 1091 349 1153 id
382 1093 486 1173 ipsum
515 1110 617 1174 paene
648 1101 802 1154 monstrat
831 1109 927 1174 quare
957 1090 1043 1172 quod
1072 1109 1134 1154 non
1165 1091 1245 1153 nulli
1269 1090 1345 1154 libri
1368 1092 1488 1155 liabent:

315 1213 388 1257 nam
419 1215 460 1258 ex
488 1213 566 1256 reue
594 1193 711 1257 laetum
738 1196 877 1276 primurn
900 1214 970 1257 esse
993 1194 1122 1256 videtur
1144 1213 1222 1256 aare
1244 1204 1277 1256 et
1299 1195 1374 1258 inde
1396 1215 1488 1278 qaaere.
1564 1271 1565 1276 ἵ

314 1299 450 1361 Bentleii
466 1317 543 1360 vero
558 1296 786 1361 Ovidianorum
806 1299 981 1361 carminum
998 1296 1247 1377 emendationes,
1263 1317 1345 1379 quaa
1362 1318 1400 1360 ex
1415 1309 1490 1380 parte

272 1423 277 1432 ·
316 1402 409 1482 plane
439 1401 586 1482 egregiae
616 1410 691 1464 sunt
720 1413 751 1464 et
782 1402 843 1464 iam
875 1421 934 1483 per
956 1402 1028 1482 plus
1058 1419 1153 1481 quam
1176 1399 1386 1482 quadraginta
1407 1421 1490 1464 annos

315 1505 457 1568 omnium
487 1505 559 1568 usui
582 1513 773 1586 patuerunt,
806 1515 861 1567 aut
883 1505 1021 1586 ignorari
1045 1504 1161 1565 mirum
1185 1514 1235 1566 est
1256 1513 1311 1567 aut
1333 1515 1422 1586 turpe
1443 1525 1490 1567 ne·

315 1609 410 1690 glegi.
463 1609 495 1669 in
525 1608 588 1670 illis
616 1617 722 1670 autem
751 1607 857 1670 Ovidii
887 1607 1035 1670 versibus
1070 1606 1260 1670 fluctuantes
1289 1609 1375 1671 inter
1402 1609 1490 1670 sarim

316 1730 442 1774 errores
467 1721 563 1792 atque
586 1721 762 1774 oommenta
783 1710 859 1772 libri
882 1711 960 1792 quid
983 1712 1057 1773 olim
1079 1711 1233 1791 seriptum
1256 1709 1355 1772 luerit
1376 1730 1434 1773 non
1453 1711 1489 1771 si-

315 1825 397 1878 nunt
425 1813 591 1877 dubitare:
624 1813 683 1876 sed
705 1815 868 1877 Bentleius
897 1811 1033 1876 eandem
1062 1831 1157 1876 ravae
1183 1811 1424 1895 adpellationem
1443 1814 1490 1874 lli-

316 1936 434 1980 nervae
464 1916 703 1981 retribuendam
732 1937 802 1982 esse
831 1919 956 1981 censuit
985 1918 1079 1978 etiam
1110 1917 1143 1979 in
1166 1917 1286 1998 aliquot
1308 1917 1378 1980 aliis
1399 1916 1487 1978 Ovidii

316 2020 511 2084 carminibus
534 2021 590 2083 ubi
614 2020 693 2083 tlara
715 2018 844 2099 dieitur,
870 2021 957 2083 nulla
973 2019 1104 2101 quidem
1124 2018 1279 2082 librorum
1295 2020 1485 2094 dissensione,

316 2123 373 2188 sed
400 2143 436 2186 ea
460 2143 535 2186 voce
559 2127 592 2186 in
616 2144 709 2204 quam
735 2124 802 2185 ravi
826 2121 1013 2185 vocabulum
1036 2124 1164 2204 saepius
1187 2133 1345 2186 mutatum
1358 2104 1430 2186 'esse
1450 2123 1487 2182 si-

316 2227 432 2290 dimus.
479 2226 695 2290 emendandos
724 2228 809 2289 enim
840 2245 910 2288 esse
933 2228 1058 2308 putavit
1079 2227 1137 2288 bos
1159 2245 1284 2290 versus.
1331 2225 1486 2288 Amornmi

317 2331 404 2392 l'ls.
436 2330 526 2413 qaid,
559 2333 588 2394 si
612 2332 784 2413 praecipiat
809 2330 911 2411 {lovea
939 2331 1035 2392 Venus
1058 2348 1150 2391 orma
1169 2331 1350 2407 Minervae,
1386 2328 1486 2392 Vatlilel

315 2453 459 2497 accensos
478 2433 565 2516 slavo
579 2435 721 2497 Minerva
740 2432 850 2516 foces?
871 2434 996 2496 Metam.
1015 2451 1044 2493 ιι
1062 2433 1121 2494 030
1144 2433 1240 2496 doluit
1260 2451 1402 2496 suetam
1419 2432 1488 2514 flooo

314 2541 432 2620 m'r'opo.
479 2539 560 2600 Fast.
580 2556 609 2598 ιι
626 2539 687 2599 oto
717 2556 799 2600 nunc
827 2536 1088 2617 aeternaequae,
1118 2535 1205 2616 flavo
1226 2537 1386 2612 aaaron,
1417 2537 1485 2596 meis.

314 2659 453 2720 casuque
484 2643 589 2722 potius
624 2641 739 2703 laetum
770 2650 818 2702 est
846 2659 942 2720 quam
971 2639 1100 2701 oonsilio
1130 2638 1216 2721 quod
1245 2658 1310 2701 non
1338 2639 1487 2720 adscripsit

315 2742 449 2806 eandem
472 2743 727 2806 emendationem
750 2742 1063 2821 adlletam.117l9,
1089 2742 1212 2806 viderat
1233 2738 1386 2824 Aptouros
1405 2743 1489 2824 {taen

314 2856 431 2910 saerata
445 2849 614 2926 Minervae,
640 2857 672 2910 et
693 2847 734 2910 ad
749 2849 844 2909 Trist.
863 2866 872 2907 ι
891 2847 929 2908 ll)
950 2847 979 2926 l,
1006 2848 1059 2908 Est
1079 2844 1155 2907 mitt
1173 2847 1270 2928 solque
1281 2865 1394 2927 precor
1405 2846 1489 2927 fletae

314 2953 407 3015 tutelo
436 2953 596 3015 Minervae
617 2952 714 3013 Novis
744 2958 772 3012 et
800 2971 820 3013 o
845 2952 928 3032 picta
958 2949 1077 3012 cassella
1104 2967 1212 3011 mmeo
1240 2947 1337 3011 hebet.
1385 2968 1439 3032 per
1461 2965 1487 3007 se

314 3055 445 3135 quidem
475 3053 554 3116 ssave
582 3055 723 3116 Minerva
751 3054 870 3116 nullam
899 3050 995 3115 habet
1026 3052 1245 3114 offensionem.
1293 3052 1435 3130 Pindari,
1462 3061 1484 3110 ot

315 3157 459 3238 videtur,
491 3177 605 3221 versus
635 3168 683 3220 est
712 3156 798 3239 apud
829 3156 1094 3240 Hephaestionem
1114 3155 1152 3216 lb
1171 3154 1211 3215 lb
1239 3153 1289 3236 (lr.
1317 3153 1482 3234 senectti.)

254 3250 348 3332 ιιιῖις
377 3255 428 3325 καὶ
454 3255 553 3332 τυπεὶς
582 3255 664 3347 ἁγνῷ
692 3258 811 3324 πελέκει
832 3259 934 3323 τέκετο
957 3253 1068 3330 ξανθὰν
1089 3247 1236 3321 'bitalbae
1285 3257 1370 3321 idem
1392 3257 1484 3320 eadem

314 3364 538 3446 adpellatione,
563 3365 619 3427 sed
636 3365 783 3427 adiuncta
801 3364 895 3426 simul
912 3364 1011 3444 magis
1027 3362 1167 3443 propria,
1192 3362 1365 3424 Minervam
1380 3361 1482 3424 ornarit

315 3469 404 3530 Nem.
426 3470 462 3529 l0
480 3467 511 3545 7,
530 3461 684 3552 Διομήδεα
707 3461 734 3529 δ’
763 3457 909 3553 ἄμβροτον
926 3459 1022 3536 ξανθά
1035 3486 1109 3528 ποτε
1123 3465 1295 3549 γλαυκῶπις
1309 3462 1401 3549 ἔθηκε
1414 3455 1481 3527 θεόν.

315 3573 433 3634 Statius
448 3571 548 3634 Theb.
567 3591 589 3632 ιι
605 3571 701 3634 237s.
728 3572 805 3633 haee
828 3569 934 3649 habet,
962 3569 1065 3632 Pallas
1081 3575 1108 3630 et
1123 3570 1264 3649 aspa-rim
1283 3568 1388 3631 Phoebi
1398 3585 1479 3642 soror,

312 3681 443 3758 tolroqm
464 3676 542 3751 tells,
572 3675 705 3755 Utroque
727 3681 816 3735 toruo
837 3675 922 3756 penis
942 3674 1082 3756 flavoque
1097 3674 1130 3734 in
1145 3674 1257 3734 uertice
1271 3672 1359 3734 uodo.
1396 3685 1482 3750 neque

316 3777 478 3841 intercedo
501 3781 671 3859 quominus
695 3777 780 3840 idern
803 3777 923 3839 dixisse
947 3765 1077 3858 putetur
1100 3774 1199 3836 Theb.
1222 3793 1256 3835 ιιι
1272 3775 1336 3836 505
1358 3795 1413 3837 noa
1429 3771 1483 3856 sul·

313 3885 404 3944 minis
434 3881 548 3945 ardeas
576 3885 677 3944 Vector
705 3882 791 3944 adest
815 3881 974 3963 flavaeque
996 3897 1109 3942 sonans
1132 3880 1200 3940 oves
1222 3897 1304 3941 unco
1327 3880 1481 3942 Mineruae.

313 4003 504 4066 quamquam
538 3987 590 4048 bie
620 4003 747 4065 quoque
779 4002 932 4066 ranaeque
960 3983 1060 4045 latere
1090 3991 1204 4064 potest.
1251 3982 1309 4044 sed
1339 3979 1481 4055 Ovidium,

313 4107 408 4169 quem
432 4089 622 4168 aliquotiens
637 4089 809 4150 Minervam
835 4106 941 4148 ravam
957 4084 1077 4148 dixisse
1093 4094 1216 4148 eertum
1232 4105 1303 4148 esse
1320 4095 1402 4167 puto,
1425 4099 1483 4143 ere

313 4190 450 4254 diderim
471 4211 539 4253 eam
556 4193 650 4252 etiam
668 4193 698 4252 in
718 4191 780 4252 illis
795 4209 874 4271 quos
889 4190 980 4252 attuli
996 4188 1145 4251 versibus
1162 4207 1223 4250 non
1239 4188 1353 4251 llavam
1367 4187 1479 4256 dixisse,

312 4295 369 4356 sed
393 4297 518 4376 proprie
542 4295 641 4376 magis
664 4303 695 4356 et
718 4293 948 4374 significantius
964 4311 1083 4354 ravam.
1131 4294 1264 4354 interest
1279 4295 1363 4356 enim
1378 4284 1479 4368 aliquid

312 4399 397 4460 inter
426 4397 547 4460 doctam
571 4397 677 4458 Ovidii
707 4399 894 4478 elegantiam
925 4399 1194 4477 antiquorumque
1216 4407 1377 4477 poet-arura
1398 4392 1480 4452 Grae·

311 4520 418 4564 eorum
449 4503 625 4582 simplicem
654 4502 754 4581 magis
785 4513 992 4564 venustatam.
1040 4500 1075 4562 ll.
1099 4519 1117 4560 ι
1138 4500 1199 4562 500
1233 4499 1311 4578 bueo
1339 4499 1475 4561 dicuntur.
