3160 5132
347 414 420 486 104
601 427 813 492 Annmscnr
835 447 928 490 amar
951 447 1009 490 orn
1031 448 1274 494 romanensem.

343 618 434 680 cuius
456 616 687 680 emendationis
707 617 858 700 praedem
882 619 998 682 iterum
1020 617 1079 681 tibi
1101 617 1186 682 daho
1207 621 1403 684 Lucretium:

502 722 626 784 Troetrit
646 723 726 784 enan
743 721 862 804 fulmen
882 723 958 785 coeli
974 739 1033 804 per
1053 729 1141 804 septo
1160 723 1330 788 domnoc

502 826 627 888 Transit
647 825 728 887 enim
750 825 851 888 aalide
869 825 988 908 fulmen
1006 844 1066 908 per
1086 834 1173 908 septo
1194 827 1363 890 domorum

500 928 1375 1012 Gtomorutiocoooestronst'tperscmo‚pcrocro.

345 1033 398 1094 iila
421 1050 509 1110 vero,
533 1048 615 1112 quae
638 1029 886 1113 descriptionem
907 1032 1077 1112 claudunt,
1102 1051 1304 1117 mpnomqroe
1326 1041 1479 1096 rwarteor
1498 1044 1526 1095 et

343 1153 528 1218 sparsosque
549 1134 697 1218 recollipit
717 1136 802 1219 ipses
824 1145 857 1197 et
877 1136 994 1198 eximia
1016 1135 1112 1216 plane
1133 1146 1211 1199 sunt
1233 1146 1320 1200 etex
1336 1136 1522 1200 veroducta.

345 1239 510 1301 Lucretius
533 1238 648 1318 iterum

778 1359 837 1424 ow
855 1347 945 1423 rodo
963 1360 1023 1424 rer
1044 1342 1111 1405 100⁰
1131 1349 1219 1424 epea

370 1493 379 1527 s
500 1444 815 1508 loriecaottettec
835 1444 1297 1510 murmurmurmur.
1571 1519 1572 1530 χ

346 1548 462 1628 habes,
494 1549 546 1608 vir
567 1546 795 1627 celeberrime,
826 1549 965 1611 notulam
994 1547 1078 1610 bene
1106 1548 1249 1630 longam3
1284 1549 1395 1629 quales
1422 1549 1453 1610 in
1476 1547 1527 1608 hoc
1571 1535 1572 1564 *

344 1652 496 1734 opusculo
523 1653 579 1712 vin
608 1671 671 1714 una
700 1653 871 1733 alteraque
888 1653 1138 1732 conspicientur.
1183 1650 1241 1714 sed
1264 1652 1368 1732 pluria
1390 1651 1451 1714 sub
1471 1669 1527 1712 uno

346 1756 411 1818 ictu
433 1753 547 1817 menda
569 1754 790 1834 occurrebant,
815 1773 897 1836 quac
919 1755 1046 1836 singula
1067 1755 1191 1836 privam
1213 1754 1275 1818 sibi
1298 1765 1404 1818 notam
1427 1763 1527 1836 postu

337 1847 465 1922 iebant.
512 1869 598 1920 tuam
629 1877 715 1920 nunc
736 1857 777 1920 de
801 1859 851 1922 his
872 1877 1039 1920 censuram
1062 1869 1212 1938 expecto:
1246 1868 1279 1921 et
1301 1859 1327 1921 si
1352 1876 1492 1940 magnam
1511 1874 1526 1916 a

346 1983 398 2026 mo
427 1963 560 2044 gratiam
589 1960 697 2023 labore
726 1981 824 2043 parvo
847 1960 958 2025 studes
979 1961 1081 2040 inire,
1113 1961 1372 2043 quamprimum
1395 1960 1443 2024 iac
1463 1979 1481 2022 a
1500 1969 1526 2020 te

345 2065 473 2131 audiam
495 2066 536 2130 de
559 2064 667 2128 codice
690 2066 872 2128 Heinsiane.
917 2065 988 2126 vale
1013 2075 1046 2126 et
1068 2083 1119 2126 me
1140 2084 1248 2128 amare
1269 2083 1382 2146 perge.
1428 2064 1525 2130 datum

347 2169 569 2250 Cantabrigiee
591 2189 610 2231 e
633 2169 763 2250 collegio
786 2169 820 2230 S.
844 2169 1008 2232 Trinitatis
1029 2187 1095 2232 rut.
1121 2167 1203 2250 Aug.
1229 2157 1393 2232 lucerua*

933 2410 954 2469 6

286 2523 336 2632 teo
352 2567 496 2650 (octwcrt
525 2565 586 2649 cus
603 2567 782 2628 Bursauone
812 2564 859 2627 oe·
884 2563 1095 2628 woroswortt
1118 2567 1156 2644 2,
1175 2565 1237 2629 625
1264 2565 1366 2648 sokei
1387 2563 1526 2650 peretto

442 2703 445 2712 ·
624 2667 713 2750 bruks.
760 2669 939 2730 Beroeaeus
961 2675 1096 2731 ontwort
1117 2670 1148 2748 2,
1167 2667 1253 2752 615.)

500 2839 715 2905 Celeberrimo
737 2840 984 2921 doctissimoque
1004 2841 1074 2902 viro
1097 2841 1188 2902 Patro
1209 2843 1392 2906 Burmanno

666 2945 699 3006 S.
725 2945 758 3004 P.
784 2945 821 3004 D.
847 2942 1024 3006 Richardus
1045 2943 1219 3006 Bentleius.

434 3117 656 3180 Gratissimum
677 3137 695 3179 a
718 3125 749 3179 te
779 3117 945 3198 superiore
974 3113 1172 3178 hebdomade
1203 3136 1320 3179 munus
1348 3119 1454 3200 accepi
1474 3117 1524 3176 Va-

348 3221 463 3284 lerium
485 3221 645 3299 Flaccum
673 3238 768 3301 quem
791 3220 924 3283 simulac
944 3239 963 3282 a
985 3229 1182 3301 conspectore
1204 3221 1246 3283 ad
1268 3221 1412 3284 Museum
1432 3236 1522 3283 meum
1571 3283 1572 3296 ¹

349 3323 444 3386 rediit
467 3343 530 3385 non
552 3322 654 3386 solum
682 3324 821 3406 (totum‘ij
850 3322 981 3404 quidem
1003 3324 1149 3404 percurri
1173 3321 1238 3404 (qut
1255 3324 1342 3386 enim
1357 3333 1523 3406 potesttan

349 3445 490 3490 crassum
520 3437 585 3488 tam
614 3425 730 3508 citoi),
762 3425 821 3488 sed
849 3437 902 3488 tua
931 3427 1085 3508 pleraque
1114 3425 1321 3507 perlustravi.
1368 3427 1396 3490 si
1424 3440 1522 3488 verum

348 3529 462 3594 audire
489 3529 599 3610 cupis,
631 3531 700 3610 ipse
729 3537 760 3590 te
791 3528 823 3590 in
854 3530 913 3590 hoc
934 3547 1030 3610 opere
1053 3529 1230 3609 superasti:
1263 3529 1426 3610 ingeniine
1446 3526 1522 3610 prius

348 3633 449 3696 muer
476 3632 624 3713 vigilisnc
653 3630 795 3694 laboris?
823 3633 879 3694 vix
907 3632 969 3694 crit
997 3631 1051 3713 qui
1078 3632 1209 3712 posthac
1230 3651 1345 3694 novam
1367 3632 1521 3696 editionem

348 3745 473 3798 tentare
501 3734 629 3799 audeat.
676 3751 775 3815 pauca
805 3744 926 3798 tantum
956 3743 989 3796 et
1016 3733 1098 3797 levia
1129 3734 1361 3816 animadverti,
1394 3731 1520 3817 quaein

349 3842 473 3902 Lucano
495 3849 601 3902 nostro
623 3837 854 3918 comparebunt
875 3848 940 3900 ate
954 3839 1007 3900 vel
1021 3839 1195 3920 praeterita
1210 3839 1264 3902 vel
1279 3849 1397 3920 spreta.
1432 3855 1451 3898 ι.
1468 3831 1514 3896 aet

504 3939 625 4004 Acrato
648 3949 677 4004 et
697 3942 835 4016 moenem
856 3939 1070 4004 miserantem
1092 3941 1308 4005 iactitando

510 4047 622 4123 Vector,

349 4151 422 4230 lege
444 4147 647 4212 mirantibus:
670 4145 746 4211 vide
769 4165 809 4210 rr.
829 4146 885 4208 ttt
918 4149 992 4209 Tum
1010 4146 1094 4229 freto
1117 4179 1158 4194 -
1181 4147 1224 4230 od
1245 4147 1376 4212 subitam
1396 4155 1520 4230 stupuere

349 4261 459 4316 rotent.

350 4376 385 4421 u.
403 4357 465 4420 200
504 4357 579 4418 Inde
600 4373 712 4417 nocam
731 4353 865 4436 pavidos
888 4371 989 4417 cocere
1007 4353 1182 4436 fundanda
1200 4373 1259 4436 per
1280 4373 1374 4418 cures

508 4459 721 4543 Gonyemioct:
927 4449 933 4454 ’

351 4563 422 4645 lege
444 4581 552 4626 curce.
