3160 5132
363 394 410 467 96
625 408 835 472 inamoena
854 429 947 474 nausa
970 431 1028 474 ean
1051 429 1294 474 instantaneus.

362 599 465 661 Coeus
487 595 575 661 Atlas
597 606 625 661 et
645 606 801 682 reparator,
831 600 917 681 quod
939 601 1140 680 sagacissimo
1161 600 1291 662 Heinsio
1313 599 1462 682 placuisse
1481 599 1527 660 de-

360 702 469 764 miror.
516 701 574 764 sed
596 700 651 765 ubi
676 701 756 766 illud
778 721 854 766 aves
876 703 1072 766 substituere

517 805 633 886 Gnmys
656 814 685 868 et
705 805 837 869 occiduas
858 813 1004 890 reputator
1024 803 1174 868 montibus
1196 803 1296 883 Atlas,

360 927 423 970 non
445 925 578 988 agnosco
601 909 727 972 solitum
749 920 839 972 tuum
860 928 1007 974 acumen.
1054 909 1131 970 Nam
1147 927 1229 991 oum,
1255 919 1291 972 ut
1305 917 1341 972 tu
1357 919 1438 972 reete
1453 908 1526 986 diois,

361 1010 483 1093 Caenys
505 1013 547 1074 sit
568 1014 817 1092 promontorium
840 1014 874 1075 in
898 1009 973 1094 ipso'
989 1011 1068 1074 irato
1091 1012 1208 1092 Siculo,
1234 1017 1289 1094 qul
1314 1011 1407 1074 sodes
1429 1013 1529 1092 Caenys

359 1117 482 1196 stupuit
503 1115 672 1196 fragorem,
698 1117 753 1197 qui
775 1125 868 1178 antea
883 1116 991 1178 nullus
1006 1135 1043 1177 eo
1058 1115 1186 1178 nomine
1203 1115 1308 1178 dietus
1324 1125 1383 1196 ast,
1407 1114 1462 1177 sed
1475 1124 1528 1196 post

359 1217 515 1298 fragorem
539 1229 571 1282 et
593 1237 709 1282 nornen
732 1228 764 1282 et
786 1220 992 1301 promontorii
1015 1217 1153 1299 speeiem
1176 1219 1324 1300 eeeepiti
1346 1228 1378 1281 et
1396 1219 1527 1296 vicissim,

359 1321 439 1402 quid
461 1339 580 1402 quaeso
596 1324 724 1402 mirum,
750 1323 776 1384 si
793 1321 926 1404 caenys,
953 1323 1008 1403 qui
1028 1320 1109 1384 ireto
1124 1339 1182 1403 pro
1198 1322 1291 1383 litore
1307 1331 1367 1400 est,
1392 1321 1529 1402 stupuerit
1568 1369 1569 1376 ,

360 1423 516 1505 fragorem
540 1425 628 1488 illum
653 1425 877 1488 dissilientium
900 1433 1070 1505 terrarum,
1096 1425 1152 1505 qui
1167 1443 1254 1488 nunc
1269 1423 1412 1504 quotidie
1428 1423 1530 1505 Scyllae
1568 1489 1569 1508 χ

358 1527 504 1592 latrantis
533 1529 688 1610 fragorem
718 1531 847 1611 stupet?
878 1528 935 1590 sed
965 1528 1091 1590 omnino
1118 1526 1272 1609 deeeptus
1294 1546 1330 1590 es
1352 1547 1422 1590 eum
1443 1528 1531 1607 iroge
1568 1515 1569 1584 l

360 1649 427 1693 rem
451 1633 536 1695 huno
558 1632 599 1695 ad
618 1633 716 1696 Siculi
738 1632 811 1694 ireti
834 1632 1046 1714 irruptionem
1069 1631 1181 1712 reiers,
1207 1632 1263 1711 qui
1286 1629 1327 1692 ad
1343 1629 1529 1712 Hellespontii

359 1734 551 1798 referendus
573 1745 632 1816 est,
657 1745 693 1799 ut
715 1736 865 1798 orationis
889 1735 989 1798 series
1010 1744 1121 1816 aperte
1138 1743 1302 1797 monstrat.
1350 1733 1438 1816 quid,
1462 1731 1531 1814 quod

358 1847 430 1919 post
452 1837 593 1902 Sioulum
616 1840 711 1901 etiem
733 1837 877 1920 Libycum
898 1839 980 1902 latus
1002 1841 1143 1900 nominat
1165 1838 1308 1914 Flaoous3
1336 1847 1372 1900 ut
1393 1839 1419 1900 si
1440 1837 1531 1919 proxi-

359 1959 446 2003 mum
468 1940 603 2004 verbum
626 1951 772 2024 spectes,
806 1943 903 2023 Calpe
924 1941 982 2004 tibi
1005 1943 1111 2024 potius
1134 1959 1229 2022 quam
1253 1940 1376 2022 Caenys
1398 1951 1462 2004 erat
1487 1937 1526 2020 (to)

360 2045 393 2105 in
416 2053 524 2126 partes
545 2044 697 2109 vocanda.
745 2045 893 2126 equidem
917 2045 1083 2126 superiore
1104 2062 1188 2107 anno
1211 2045 1297 2106 huno
1320 2043 1423 2125 ipsum
1446 2044 1529 2104 loouut

359 2146 519 2211 iilustrare
549 2157 678 2211 oonatus
706 2167 777 2211 sum
805 2147 846 2210 ad
869 2149 975 2210 Horat.
1006 2147 1066 2230 (ep.
1089 2146 1175 2230 fehlt)
1202 2165 1224 2208 ι.
1242 2147 1260 2208 3
1279 2165 1326 2208 vs.
1353 2149 1370 2209 i
1394 2165 1464 2229 pag.
1486 2165 1531 2207 no-

358 2258 462 2312 tarum
485 2252 548 2313 att
571 2252 622 2314 his
644 2253 722 2333 ipsis
744 2250 871 2314 verbis:
901 2250 974 2315 ‘ubi
998 2252 1030 2313 in
1053 2269 1150 2313 versu
1173 2259 1331 2331 postremo
1352 2285 1397 2296 -—
1417 2248 1456 2312 ab
1470 2235 1529 2310 otu-¹

300 2369 351 2416 tea
361 2352 458 2416 nibus
479 2355 575 2417 terris
597 2353 787 2418 audiretur'.
834 2356 912 2419 haee
934 2365 969 2417 ut
991 2372 1084 2436 spero
1099 2352 1191 2416 brevi
1207 2354 1294 2434 leges
1308 2352 1351 2415 ad
1367 2354 1527 2424 Horatium

359 2455 478 2536 quibus
507 2457 638 2520 meliora
667 2458 811 2540 pmlerre
841 2460 902 2521 iam
931 2476 1067 2539 nequeo.
1113 2457 1190 2539 llal.¹
1207 2457 1334 2520 Flaoeus
1356 2474 1400 2518 ru.
1421 2456 1476 2518 tat
1496 2455 1530 2514 sic
1568 2483 1569 2554 i

359 2567 394 2622 tu
417 2560 521 2624 loeum
543 2571 648 2624 tentas
1568 2635 1569 2644 ἵ

513 2664 590 2727 Inde
611 2683 721 2749 vapom
743 2683 798 2728 nee
820 2665 880 2728 tela
901 2664 998 2727 modis
1019 2683 1074 2727 nee
1095 2663 1218 2727 casibus
1240 2662 1347 2726 iisdem
1568 2667 1569 2754 l

497 2767 676 2850 *Confecere
696 2777 822 2831 manum
844 2777 872 2832 et
894 2769 979 2852 leupo
1001 2769 1123 2832 iacuere
1141 2770 1279 2850 peremti.
1568 2765 1569 2850 1

359 2872 392 2950 in
422 2870 540 2952 quibus
569 2870 769 2934 excutiendis
798 2891 861 2934 non
891 2869 1053 2949 morabor;
1087 2869 1146 2935 sed
1168 2881 1268 2935 totum
1291 2870 1392 2932 locon
1416 2870 1465 2931 hie
1484 2865 1530 2928 de-
1568 2857 1569 2930 Ῑ

359 2974 514 3037 scribam:
1568 2965 1569 2970 ’

512 3073 552 3141 At
573 3080 671 3163 mopis
693 3080 810 3142 interea
831 3078 952 3142 diverso
975 3077 1100 3142 turbida
1120 3085 1202 3140 atem
1568 3103 1569 3192 p

517 3180 596 3245 Urbs
618 3183 732 3265 apitur.
781 3183 897 3264 Genyso
918 3183 1035 3246 conium
1056 3189 1213 3244 amoverat
1234 3199 1345 3244 amm:
1568 3205 1569 3250 t

512 3281 569 3348 Ast
590 3285 638 3348 itti
657 3285 776 3349 subitus
798 3287 895 3350 ventis
917 3287 1044 3368 vivoque
1065 3285 1183 3349 relomit
1568 3291 1569 3304 ¹

516 3391 610 3451 Terre
628 3388 736 3471 sectam
759 3389 825 3452 telos
846 3387 973 3473 pondes,
999 3389 1183 3466 miserande,
1208 3389 1349 3471 repertis.

511 3493 635 3576 linquit
656 3499 684 3555 et
704 3491 856 3555 uadentes
878 3509 1000 3556 memes
1023 3492 1191 3576 infectoque
1208 3509 1334 3573 pemmo

513 3595 614 3659 Sacra
635 3595 764 3676 Μοάοιις
788 3594 922 3676 chlamys
945 3593 1058 3660 imbelli
1078 3596 1276 3659 circumvenit
1296 3601 1378 3657 ostro

515 3701 606 3762 Torta
626 3717 761 3779 meeum,
787 3701 948 3782 strictoque
970 3699 1038 3761 vies
1057 3697 1277 3782 praesulqurut
1298 3715 1378 3761 mae.

516 3802 598 3865 Totis
620 3803 653 3865 m
676 3820 767 3865 arma
787 3803 870 3864 ruit:
893 3821 948 3866 aee
970 3803 1044 3865 vino
1065 3801 1217 3885 dapesque
1238 3809 1370 3865 renmtoe

512 3905 637 3987 Stotpee
659 3905 720 3969 loeo
743 3913 846 3982 torum
871 3907 903 3968 m
924 3923 982 3987 quo
1009 3903 1112 3989 (mam)
1139 3923 1280 3968 mamere
1301 3905 1434 3968 ministri

510 4007 586 4071 inde
607 4011 681 4092 oapi
700 4027 755 4072 nee
776 4008 837 4072 telo
858 4006 954 4071 modis
976 4027 1030 4072 oea
1052 4008 1173 4072 casibus
1195 4007 1311 4071 hisdem

513 4113 700 4175 Conseruere
721 4128 866 4188 manum;
889 4119 919 4175 et
939 4112 1025 4194 impe
1047 4112 1168 4174 lamere
1186 4113 1327 4194 peremti.

356 4234 397 4278 ex
425 4215 486 4278 heo
512 4214 666 4296 ealigine,
699 4223 737 4278 ut
759 4224 794 4277 tu
816 4223 902 4277 reete
925 4213 1064 4295 iudicas,
1097 4215 1143 4276 sie
1163 4233 1215 4277 me
1237 4213 1399 4296 paullatim
1421 4209 1523 4275 evolvo.

356 4318 500 4400 Genysus
523 4317 651 4399 quidam
675 4318 727 4379 laio
749 4327 943 4380 memoratur
965 4327 997 4380 et
1011 4317 1134 4381 lledon.
1182 4316 1260 4398 quid
1283 4319 1323 4380 iis
1344 4307 1526 4380 factumest?

355 4420 436 4484 nihil
464 4430 590 4503 postea:
624 4440 697 4484 nam
727 4429 880 4483 neutrum
909 4421 941 4482 in
971 4420 1182 4501 sequentibus
1204 4423 1362 4500 nominem
1394 4431 1428 4484 ut
1448 4415 1524 4493 vulgo

355 4523 442 4587 loeus
471 4523 575 4588 fertur
603 4533 637 4588 et
665 4523 843 4605 explicatur
871 4533 986 4587 neuter
1008 4544 1047 4586 ex
1070 4525 1120 4586 his
1142 4534 1197 4587 aut
1218 4524 1333 4587 oceidit
1355 4525 1523 4606 quemquem
