3178 5136
335 391 409 466 488
572 374 577 383 .
732 404 776 464 Ex
799 421 896 465 naeu
919 405 1128 466 llmoumrrsr.

332 612 417 695 apud
439 613 640 694 Hesychium.
688 610 792 690 paullo
814 619 922 691 postea
943 625 1006 670 non
1034 601 1275 686 intellego'mde
1297 605 1493 691 παραπέμψαν-

331 739 385 787 τας
418 725 557 796 putoque
591 711 796 776 scribendum
830 731 899 774 esse
934 705 1002 782 τοὺς
1034 707 1297 793 κατηγησομίνους
1330 705 1379 771 καὶ
1411 731 1496 792 παρο-

331 819 513 904 πέμψαντας.

418 924 487 984 llox
510 922 587 982 haec
609 921 776 1000 leguntur,
801 912 821 1001 ἡ
844 915 879 980 δὲ
900 913 950 980 ἐπί
970 910 1025 998 τὴν
1047 913 1155 999 κακίην
1178 905 1295 998 ἄγουσα
1322 911 1382 977 ἐστὶ
1408 909 1498 997 oleri

333 1023 386 1108 pir
415 1019 476 1087 κατ’
498 1017 594 1108 ἀρχὰς
621 1016 723 1104 όλίγου
749 1015 852 1106 πάγχυ
880 1015 931 1082 καί
958 1012 1063 1083 codron
1091 1013 1127 1081 od
1148 1016 1275 1102 γνησίου
1305 1011 1499 1100 όκατηλοῖιδί

332 1122 383 1192 καί
409 1123 459 1189 ἐπί
487 1127 655 1210 παραγωγῇ
684 1127 746 1188 τῶν
773 1116 954 1208 προσιόντων
984 1125 1091 1205 γεῦσαι
1123 1123 1176 1184 τοῦ
1211 1116 1318 1204 ἡδέος,
1358 1111 1430 1182 ὥστε
1458 1116 1499 1182 καί

334 1225 462 1315 μηδενὸς
485 1223 560 1312 μετὰ
581 1233 675 1292 ταῦτα
696 1219 843 1310 ἡγεμόνος
858 1219 1070 1311 εὑρισκομένου
1093 1218 1184 1294 οὐδός
1207 1216 1275 1306 ἄγει
1296 1222 1328 1294 ἃς
1350 1217 1417 1287 ὃδόν
1436 1245 1498 1286 otto·

332 1329 400 1418 λιὴν
422 1325 572 1402 σκόλυπός
593 1353 626 1394 τε
647 1327 778 1415 ἔχουσαν
801 1324 852 1392 καί
873 1321 1031 1414 χαράδρας
1053 1323 1104 1389 καί
1125 1321 1276 1412 κρημνοδς
1295 1322 1372 1390 κατὰ
1385 1327 1501 1410 κεφαλῆς

333 1433 484 1505 ὠδίοντας
517 1429 585 1504 τοὺς
619 1427 846 1518 εὑρισκομένους
879 1427 958 1494 κατὰ
996 1433 1049 1494 τοῦ
1086 1425 1294 1515 αομψὴσοντος
1330 1426 1382 1492 καί
1414 1451 1503 1514 παρα-

333 1539 490 1625 συρέοντος
511 1531 580 1608 τοὺς
601 1521 836 1620 κατενεχθέντας
861 1533 893 1608 t<
923 1527 1011 1596 αι’πδν
1039 1533 1174 1616 ποταμοῦ
1197 1529 1280 1596 κότον
1312 1529 1445 1618 βορβόρῳ
1463 1527 1504 1594 καὶ

332 1641 431 1712 λίθοις
455 1639 583 1726 ῥέοντος.
607 1648 700 1720 'post
723 1631 813 1720 ἡδέος
828 1637 1003 1699 Meinekius
1025 1636 1147 1718 aliquid
1170 1634 1326 1697 excidisse
1350 1637 1503 1714 existimat,

333 1757 365 1810 et
386 1763 463 1807 sane
487 1762 548 1805 non
573 1741 719 1804 cohaeret
740 1741 854 1802 oratio:
886 1738 1068 1802 cohaerebit
1089 1749 1194 1801 autem
1218 1737 1244 1800 si
1269 1737 1354 1818 quod
1376 1739 1506 1820 sequitur

333 1841 409 1912 ὥστε
438 1844 488 1909 καί
520 1846 559 1907 in¹
586 1835 684 1914 ἄλλος
712 1867 744 1906 τε
767 1841 819 1906 καί
842 1843 1030 1920 mutaveris,
1063 1861 1167 1922 neque
1196 1841 1367 1922 quicquam
1395 1850 1507 1922 praeter

333 1964 398 2016 tres
422 1950 491 2012 illas
513 1950 634 2010 litteras
657 1945 784 2028 putabis
806 1945 975 2008 excidisse.
1008 1939 1087 2007 κατὰ
1106 1945 1243 2028 κεφαλῆς
1263 1937 1399 2006 ὠδέοντα
1421 1945 1507 2004 rarior

334 2064 383 2117 est
412 2050 540 2116 dicendi
567 2051 661 2128 ratio,
700 2048 757 2112 sed
786 2047 920 2129 praebet
950 2067 1018 2110 eam
1047 2049 1240 2128 epigramma
1270 2047 1394 2108 Lucillii
1422 2043 1504 2108 Anth.

335 2158 396 2218 Pal.
416 2175 445 2216 κι
462 2157 518 2234 94,
545 2151 703 2222 Σαλπίζιυν
731 2149 870 2216 ἔπνευοεν
899 2143 969 2213 όσον
999 2145 1098 2237 βραχδ
1122 2143 1246 2234 Μάρκος
1268 2141 1285 2212 ‘o
1306 2143 1425 2228 λεπτός,
1456 2142 1506 2211 Καί

332 2254 412 2324 κατὰ
431 2261 484 2341 τῆς
506 2256 641 2340 κεφαλῆς
663 2250 752 2338 epate
774 2250 893 2337 ἀπῆλθε
908 2248 1000 2316 κάτω.
1034 2273 1105 2315 cum
1120 2262 1224 2316 autem
1242 2255 1274 2314 in
1290 2251 1383 2314 libris
1397 2251 1505 2314 duobus

332 2363 485 2443 scriptum
510 2368 593 2420 esset
614 2350 732 2442 κρημνό
756 2367 914 2420 ettamen
937 2351 1093 2432 ὠθέονται,
1118 2374 1180 2416 υυυ
1210 2365 1297 2416 recte
1320 2374 1423 2436 nuper
1443 2353 1504 2416 inde

292 2455 297 2474 ¹
332 2466 447 2527 iactum
472 2472 519 2523 est
541 2456 660 2545 κρημνὰ
681 2453 757 2523 κατὰ
779 2462 914 2544 κεφαλῆς
936 2453 1083 2522 ὥδέοντα.
1117 2465 1202 2520 certe
1225 2468 1375 2520 neutrum
1390 2449 1504 2542 κρημνόν

332 2586 394 2629 υυυ
418 2567 490 2628 novi
513 2583 620 2644 neque
644 2565 809 2644 conparari
832 2571 935 2643 potest
957 2561 1041 2643 quod
1064 2581 1127 2622 uon
1150 2579 1325 2641 numquam
1347 2553 1502 2634 diciturri

331 2663 534 2752 ἀπόκρημνον.
559 2665 645 2747 quod
661 2685 732 2727 mox
748 2667 901 2746 seriptum
917 2676 966 2728 est
979 2659 1047 2736 τοὺς
1058 2657 1288 2748 εὑρισκομένους
1303 2663 1380 2724 ierri
1395 2663 1503 2742 nequit,

331 2770 388 2834 sed
411 2789 473 2832 non
497 2771 649 2832 successit
672 2753 854 2831 hominibus
876 2768 977 2830 doctis
997 2766 1187 2844 emendatio,
1213 2785 1318 2846 neque
1342 2783 1398 2846 ego
1414 2765 1503 2825 inveni

331 2874 416 2956 quod
440 2872 651 2934 confidentius
673 2871 869 2952 proferrem:
895 2880 999 2950 potest
1021 2881 1125 2931 tamen
1149 2867 1293 2948 fortasse,
1318 2869 1429 2930 omisso
1443 2868 1504 2948 qui·

332 2977 406 3039 dem
429 2975 585 3053 articulO„
600 2974 698 3036 scribi
720 2972 942 3058 ἐρειπομένους.

416 3077 510 3158 Apud
533 3077 670 3140 eundem
693 3077 862 3139 stobaeum
886 3077 943 3138 118
959 3077 977 3136 3
995 3094 1027 3155 p.
1047 3075 1109 3136 toa
1132 3076 1209 3136 haec
1238 3075 1404 3154 leguntur,
1428 3073 1500 3133 eius-

330 3182 404 3244 dem
428 3181 560 3242 fortasse
582 3181 751 3241 Democriti
775 3181 827 3241 cui
849 3178 931 3242 duae
955 3197 1035 3258 quae
1058 3177 1252 3240 antecedunt
1268 3179 1440 3238 sententiae
1454 3175 1502 3236 tri·

332 3285 426 3347 butue
449 3293 533 3360 sunt,
558 3275 574 3344 ‘o
598 3272 805 3365 μὲνέόδυμος
827 3281 859 3352 ἐς
880 3279 955 3365 ἔργα
977 3273 1190 3365 ἐπιφερόμενος
1212 3277 1316 3342 δίκαια
1338 3275 1389 3341 καὶ
1406 3272 1501 3360 νόμιμα

330 3382 382 3449 καί
404 3378 482 3470 ὕπαρ
504 3381 556 3447 καὶ
578 3376 652 3469 όναρ
674 3382 777 3469 χαίρει
803 3380 909 3447 τεκαὶ
939 3381 1068 3468 ἔρρωται
1094 3379 1146 3445 καί
1173 3376 1351 3465 πανακὴδης
1377 3377 1452 3458 ἐστὶ,
1476 3369 1501 3447 i:

333 3482 403 3552 δ’ἂν
426 3484 478 3551 καί
500 3484 585 3570 δίκης
608 3482 720 3572 ἂλογέη
749 3483 801 3550 καί
828 3483 864 3550 τὰ
885 3487 1015 3572 χρέοντα
1038 3481 1079 3569 μὴ
1109 3483 1200 3569 ἔρδη,
1232 3479 1329 3570 τοότιμ
1358 3477 1450 3547 πάντα
1474 3477 1501 3544 τό

271 3587 434 3662 κιντυιόδε
456 3585 581 3676 ἀτερπίη
604 3582 675 3654 όταν
696 3613 748 3654 τεο
771 3585 951 3674 όναμνησῦᾖ
974 3585 1025 3651 καί
1047 3588 1164 3651 δέδοικε
1185 3582 1237 3648 καί
1251 3577 1371 3650 eooldi
1387 3585 1498 3656 κακίζει.

329 3697 506 3758 Meinekius
528 3713 645 3775 μασιν
667 3701 740 3755 ante
763 3693 948 3754 Dorvillium
978 3693 1075 3754 luisse
1106 3691 1182 3752 dicit
1204 3683 1375 3772 ἀνακόδης,
1400 3691 1430 3749 in
1451 3706 1500 3768 ιγυο

328 3800 415 3862 aliud
436 3796 542 3860 videri
564 3797 674 3858 latere.
721 3795 781 3858 sed
801 3796 973 3858 Dortillius
995 3795 1117 3875 putavit
1140 3793 1270 3874 quidem
1301 3793 1429 3854 fortasse
1449 3807 1498 3851 uon

329 3903 468 3963 alienum
492 3897 562 3961 esse
584 3896 771 3984 πανακὴδης,
798 3899 949 3980 praetulit
969 3907 1076 3961 autem
1099 3888 1224 3979 ἀκηδής.
1258 3897 1350 3958 ·mihi
1380 3897 1410 3956 in
1433 3887 1497 3955 ἀνα·

330 3997 422 4086 κόδης
452 4004 550 4066 latere
578 4021 670 4082 posse
701 4001 830 4064 ridetur
864 3994 1009 4084 νηκηδὴς.
1057 3999 1211 4061 habemus
1245 4017 1316 4060 eam
1346 4017 1447 4059 vocem
1473 3996 1495 4053 in

331 4105 479 4168 versibus
499 4105 654 4186 Agathoni
678 4124 694 4165 a
719 4105 843 4166 Platone
868 4106 900 4164 in
924 4103 1074 4164 Convirio
1097 4121 1129 4181 p.
1153 4101 1227 4162 ⁴67⁶
1244 4099 1372 4163 tributis
1393 4091 1495 4182 είρὴνηι

330 4206 384 4292 μὲν
411 4206 443 4270 δν
473 4202 659 4292 ἀνθρώποις,
685 4200 812 4290 πελόγει
841 4204 873 4269 δὲ
905 4200 1040 4291 γαλήνην
1070 4201 1223 4288 Νηνεμίαν
1255 4198 1389 4287 ἀνέμων,
1424 4197 1493 4280 κοίτη

328 4306 359 4374 δ’
387 4301 476 4375 ὕπνον
505 4311 635 4394 νηκηδὴ.
683 4328 755 4371 nam
785 4312 842 4372 hoc
870 4310 1045 4372 Guilelmus
1074 4305 1257 4370 Dindoriius
1286 4308 1354 4368 veri
1382 4301 1493 4382 evestigio

329 4431 387 4496 per
409 4411 563 4476 librorum
586 4431 712 4476 ermres
731 4431 840 4492 presse
857 4421 984 4474 secutus
999 4409 1160 4492 indagavit
1175 4409 1376 4490 debebatqoe
1390 4405 1492 4468 Badha-

329 4534 399 4579 mus
428 4535 446 4578 a
473 4515 633 4578 levissima
663 4517 843 4596 opinatione
871 4513 1033 4576 abstinere
1062 4531 1158 4594 quam
1187 4515 1219 4576 in
1247 4509 1433 4594 praelatione
1460 4503 1490 4567 ad
