3160 5132
377 365 426 438 98
634 379 844 442 Arnnnttcan
867 390 960 443 mttn
983 399 1041 441 uun
1064 389 1305 442 »sustinueram«.

376 581 484 632 eontra
517 567 603 652 apud
632 571 719 652 virg.
752 572 814 632 tbm
842 578 944 632 eertus
973 569 1075 632 eundi.
1123 571 1201 631 oerti
1232 578 1325 630 erant
1354 568 1427 628 sooii
1455 585 1543 628 marae

376 675 470 736 etiam
494 674 610 736 austris
630 673 753 736 ebitum
776 673 997 736 suadentibus.
1045 681 1151 736 cetera
1174 673 1219 734 aie
1241 671 1311 752 lego
1334 680 1366 733 et
1385 669 1542 750 distinguo:

689 797 744 840 nec
761 794 883 860 paruus
907 779 1023 859 Hytoa:
1046 787 1186 849 rurore!
1208 774 1346 837 omuibus
1369 793 1457 856 oeque

532 882 631 943 Grata
653 881 828 944 rudimento
849 882 997 944 Hermolao
1019 879 1074 942 sub
1096 881 1216 941 nomine
1238 892 1345 941 nonar.

376 1020 483 1083 neque
507 1002 610 1080 enim,
637 1003 758 1081 inquit,
785 979 879 1084 Hylas
901 1015 983 1082 puer
1004 1011 1123 1082 parvus
1145 1005 1176 1061 et
1198 996 1451 1061 contemnendus
1471 995 1547 1058 vide

376 1104 487 1167 batur:
515 1105 608 1165 imino
631 1115 739 1166 eontra
763 1114 855 1166 carus
878 1115 910 1166 et
932 1114 1081 1186 aoooptus
1104 1109 1255 1184 tanquam
1274 1119 1336 1165 non
1354 1101 1415 1164 sub
1430 1099 1547 1162 Heronio

267 1199 271 1214 “
374 1209 486 1288 bolum,
512 1207 570 1270 sed
593 1207 654 1270 sub
677 1207 825 1270 omnibns
845 1209 959 1290 Hinyis
981 1207 1112 1269 miiitiae
1136 1205 1317 1269 rudimenta
1339 1213 1446 1286 ponat.
1482 1204 1547 1264 uerti

373 1313 473 1392 igitur
495 1321 586 1373 erent
609 1308 798 1393 opperiendi
822 1313 898 1373 istos
916 1311 1006 1374 duos.
1054 1311 1152 1394 Hylan
1169 1311 1255 1372 enim
1271 1326 1335 1372 non
1350 1315 1543 1391 epraeter-unu

373 1416 460 1478 illum
489 1424 594 1478 autern
629 1416 697 1496 (boe
727 1416 776 1477 eat
798 1415 999 1497 Tirynthium
1022 1414 1211 1494 Herculem,
1244 1411 1284 1475 de
1315 1431 1378 1494 quo
1405 1409 1498 1492 prius)
1522 1419 1546 1468 et

374 1519 455 1580 votis
484 1527 516 1580 et
545 1518 684 1580 lacrimis
714 1523 974 1608 repoposcerunt.
1021 1525 1109 1580 oerto
1136 1515 1259 1578 arridet
1287 1515 1366 1577 mibi
1389 1515 1466 1576 haee
1485 1529 1547 1574 oon-

374 1623 510 1684 ieetura:
538 1622 631 1704 Hyles
654 1622 784 1702 quidem
800 1622 943 1684 Heruulis
966 1635 1077 1684 caussa
1097 1619 1307 1683 comitabatur
1321 1620 1442 1700 Hinyas
1457 1625 1486 1678 et
1498 1613 1548 1676 sub

374 1725 518 1788 Hemuiis
540 1725 668 1788 nomine
691 1726 871 1786 tiroeinium
894 1723 1048 1807 ponebat,
1076 1726 1164 1786 visus
1186 1731 1362 1785 esttamen
1384 1737 1485 1801 aeque
1498 1717 1546 1780 sub

372 1829 520 1892 omnibus
550 1827 729 1890 rudimenta
759 1843 894 1910 ponere:
927 1827 1014 1890 unde
1037 1829 1150 1890 merito
1172 1845 1228 1889 suo
1250 1843 1313 1887 non
1333 1838 1472 1906 paruus,
1500 1819 1545 1883 sod

371 1928 521 1994 omnibus
542 1933 741 2012 gruttsstmus
764 1939 842 1994 erat.
890 1939 988 1994 restat
1009 1931 1141 1994 ultimus
1163 1932 1249 1992 tonus
1271 1947 1318 1991 ru.
1337 1917 1433 1989 mod

314 2065 360 2112 out
441 2031 446 2040 ’
529 2049 680 2114 consuete
702 2060 730 2114 et
750 2053 838 2116 motis
860 2061 913 2116 teu
935 2071 989 2114 vos
1011 2048 1064 2114 uio
1082 2041 1206 2134 flatibus
1227 2057 1348 2134 urouet,

529 2157 645 2239 Perque
666 2163 695 2218 et
716 2157 847 2237 inceptos
869 2173 984 2218 meeum
1005 2159 1144 2218 revocate
1166 2150 1285 2218 totores
1296 2173 1306 2230 ,·

526 2261 587 2320 Seu
607 2256 714 2342 piures
737 2261 869 2323 tolerare
891 2271 994 2322 moros
1016 2271 1186 2340 rursusque
1205 2257 1387 2339 propinquis

527 2363 721 2439 Quaesiuisoe
743 2364 833 2447 iuqis,
856 2364 990 2445 pretium
1011 2358 1096 2425 baud
1117 2362 1182 2425 teve
1204 2362 1346 2442 temporis
1369 2359 1440 2421 acti.

371 2484 510 2564 aestuat,
544 2480 668 2566 inquis,
702 2483 753 2546 bio
775 2482 924 2546 Heinsius
954 2495 987 2546 et
1007 2477 1114 2546 varias
1135 2481 1333 2544 coniecturas
1354 2479 1488 2561 profert;
1519 2485 1544 2535 tn

370 2595 477 2648 autem
506 2573 603 2649 unius
630 2582 776 2650 literulae
807 2586 980 2650 mutatione
1007 2605 1117 2648 omnes
1147 2605 1200 2648 eos
1229 2595 1332 2648 motus
1361 2579 1451 2644 iaeiie
1473 2597 1545 2641 eoru·

371 2691 472 2770 ponis,
498 2679 632 2770 legendo
1342 2681 1344 2684 ’

526 2790 587 2854 Seu
609 2805 709 2856 nonnis
732 2793 863 2856 tolerare
885 2811 989 2856 morus
1013 2826 1069 2853 —.

369 2929 505 2993 agnosco
528 2913 678 2994 equidem
698 2914 801 3004 pluris
823 2921 877 2990 est,
904 2913 936 2978 id
959 2923 1007 2976 est
1028 2923 1180 2994 praestat,
1204 2913 1319 2975 melius
1342 2922 1400 2990 est,
1426 2919 1457 2972 at
1477 2903 1543 2969 nibil

369 3017 528 3078 usitatius.
575 3015 632 3078 sed
663 3017 721 3078 boe
743 3016 834 3079 modo
857 3016 898 3078 ab
920 3016 1126 3096 ambiguitate
1147 3016 1229 3078 male
1251 3013 1410 3078 laboraret
1431 3027 1541 3081 versus,

370 3138 441 3182 oum
467 3119 571 3200 pluris
599 3119 685 3200 apud
714 3128 842 3182 veteres
864 3121 958 3182 etiam
981 3121 1179 3182 aecusativus
1201 3119 1298 3182 fuerit
1320 3117 1468 3199 pluralis;
1497 3107 1543 3173 sed

370 3241 475 3304 neque
502 3231 537 3284 tu
566 3241 671 3304 neque
695 3223 842 3286 Heinsius
873 3224 906 3287 id
934 3223 1222 3302 animadvertistis,
1253 3223 1280 3284 si
1310 3231 1364 3284 aut
1390 3220 1490 3302 pluris
1510 3219 1544 3276 ott

369 3335 425 3388 aut
447 3315 521 3407 ptus
548 3333 608 3388 stat
637 3335 692 3388 aut
710 3327 802 3406 prius
824 3333 870 3388 est
890 3336 945 3388 aut
967 3326 1114 3407 placitum
1137 3333 1182 3388 est
1203 3335 1258 3388 aut
1279 3322 1366 3387 aliud
1389 3321 1466 3404 quid
1487 3321 1543 3381 eius

370 3429 498 3508 generis
520 3427 744 3507 substituatur,
769 3437 836 3491 tum
860 3426 939 3490 illud
961 3427 1047 3510 quod
1068 3430 1215 3509 sequitur
1233 3429 1368 3511 pretium
1389 3424 1472 3487 baud
1491 3423 1543 3484 teve

370 3533 512 3612 temporis
534 3531 596 3593 aeti
616 3549 888 3612 supervacaneum
912 3541 944 3592 et
963 3523 1144 3615 ταυτόλογον
1168 3531 1245 3593 iore.
1292 3527 1372 3611 quid
1394 3529 1477 3592 enim
1497 3527 1542 3585 boc

369 3645 428 3713 est,
453 3635 515 3696 nisi
539 3635 643 3715 ipsum
663 3635 789 3716 pluris?
816 3653 874 3715 ego
896 3634 983 3696 nulla
1005 3634 1095 3696 litera
1120 3644 1237 3696 mutata
1259 3653 1366 3697 sanum
1390 3633 1540 3696 lectionem

369 3736 429 3798 tibi
453 3735 630 3818 praestabo,
654 3737 747 3800 modo
769 3756 810 3799 ne
833 3735 1034 3799 distinetione
1059 3737 1262 3819 impediatur.

525 3857 586 3919 Seu
605 3857 713 3938 piures
735 3857 866 3920 oerore
888 3875 991 3920 moros
1013 3877 1184 3940 rursusque
1202 3859 1386 3940 propuquis

525 3961 719 4036 Quaestum
740 3962 820 4044 tuuis
838 3962 973 4042 pretium
994 3959 1078 4024 houd
1100 3962 1164 4026 teve
1186 3963 1329 4043 tmpore
1350 3961 1415 4023 uoti
1433 3967 1484 4022 est.
1571 4009 1572 4012 ,

369 4079 426 4144 ubi
455 4080 532 4143 ordo
561 4089 610 4142 est
639 4079 701 4140 Seu
728 4082 860 4161 pretium
887 4080 972 4142 baud
1001 4081 1065 4142 teve
1085 4115 1130 4126 —
1148 4081 1256 4163 plures
1285 4097 1390 4144 morus
1410 4081 1537 4144 maure.

370 4193 457 4248 oerte
477 4183 585 4265 putres
607 4201 711 4245 moros
730 4184 839 4264 ipsum
861 4195 921 4264 per
943 4202 977 4245 sa
1000 4201 1063 4245 non
1086 4181 1184 4246 debet
1196 4182 1374 4264 offendam,
1400 4203 1469 4247 oum
1483 4179 1539 4242 Vir·

370 4286 465 4367 gilius
487 4285 605 4365 aliique
627 4292 794 4348 tetmarus
816 4286 969 4349 dixerint.
1016 4283 1085 4348 deti
1104 4292 1122 4348 ἰ
1143 4287 1177 4350 id
1199 4297 1248 4350 est
1267 4295 1332 4364 θεῖς
1355 4283 1442 4350 unde
1456 4281 1538 4346 oodex

370 4389 478 4469 regius
500 4387 660 4450 referente
676 4388 803 4450 Heinsio
824 4407 928 4471 oeque.
975 4388 1032 4452 sed
1054 4388 1131 4452 dum
1146 4390 1225 4454 haee
1239 4389 1345 4453 soribo
1362 4391 1453 4452 etiam
1468 4385 1539 4469 pn‘tt
1570 4377 1571 4381 ¹

370 4492 424 4554 ilie
456 4507 570 4554 versus
602 4491 635 4552 in
663 4491 875 4572 suspicionem
911 4492 988 4554 mibi
1022 4491 1117 4556 eadit.
1164 4491 1243 4574 quid
1276 4493 1362 4555 enin
1395 4503 1444 4556 est
1468 4487 1538 4552 motu
