3156 5132
322 427 395 500 344
717 444 759 504 Ex
783 463 878 505 nenne
902 445 1109 506 Bnnottnnnst.
1564 539 1565 592 γ

321 631 468 717 γίνεσθαι.
516 643 609 695 vetus
632 632 715 695 liber
736 629 843 718 ἔφερεν
865 635 923 718 πῦρ
944 629 1114 719 γαστρήνην
1131 628 1304 719 φυλάσσων,
1331 645 1396 697 tum
1411 628 1497 697 ἀπόλ-

321 737 425 799 λυνται
446 735 476 800 οί
497 729 565 820 γάρ,
592 735 732 818 denique
756 727 889 822 ὕστερον.

410 839 447 899 40
465 841 496 900 9.
523 839 622 911 ξένους
644 835 712 912 τοὺς
736 833 973 925 ἀφικνουμένους
988 835 1026 904 τά
1048 833 1127 904 ’όπλα
1148 840 1270 926 ἐμφανῆ
1293 836 1344 904 καί
1364 835 1499 926 πρόχειρα

322 941 435 1029 φέρειν,
461 939 513 1005 καί
536 937 610 1007 etti
635 938 733 1007 αὐτῶν
755 943 970 1028 παρηρῆσθαι·
995 939 1046 1006 καί
1062 937 1160 1007 αότῶν
1177 942 1294 1028 μηδένα
1309 938 1500 1030 θποδέχισθσι

322 1043 398 1131 μηδὲ
426 1039 495 1118 τοὺς
522 1045 695 1132 πανδοχέας
726 1038 799 1111 ἄνευ
827 1048 887 1110 τῶν
910 1041 1081 1133 ἀρχόντων,
1114 1043 1182 1118 τοθς
1206 1045 1239 1110 δὲ
1262 1038 1409 1134 ἄρχοντας
1428 1041 1498 1110 tine-
1564 1125 1565 1130 γ

321 1146 495 1235 γράφεσθαι
517 1145 568 1213 καί
589 1143 663 1235 παρ’
690 1141 715 1236 ᾧ
737 1173 795 1214 τινι
817 1147 868 1214 καὶ
890 1143 961 1215 όταν
983 1145 1192 1235 κατάγωνται·
1216 1145 1270 1224 τάς
1286 1149 1320 1214 δέ
1335 1145 1436 1222 νόκτας
1450 1144 1499 1213 δτδ

320 1256 379 1316 τῶν
408 1248 562 1339 ἀρχόντων
585 1249 622 1317 τά
644 1255 812 1340 πανδοχεῖα
833 1252 943 1325 ἔξωθεν
966 1251 1140 1318 κλείεσθαι·
1172 1251 1222 1318 διὰ
1244 1249 1358 1342 χρόνου
1380 1255 1412 1319 δέ
1431 1277 1499 1324 τινας
1564 1243 1565 1320 J

321 1350 387 1421 όσοι
409 1351 445 1420 ἂν
467 1355 657 1442 ταλαπείριοι
680 1351 779 1421 αὐτῶν
802 1349 875 1422 ὦσιν
898 1352 1154 1444 ἐκκηρόιτεοθαι·
1178 1354 1326 1444 ἐμπόρους
1349 1356 1383 1422 δὲ
1399 1352 1418 1443 ἢ
1433 1352 1500 1421 κατὰ

313 1444 477 1525 παίδευσιν
507 1453 526 1545 ἢ
558 1455 626 1523 κατ’
660 1453 756 1545 ἄλλην
785 1456 852 1524 τινὰ
879 1459 986 1547 χρείαν
1016 1461 1235 1546 ἐπιδημοῦντας
1265 1457 1497 1549 ἀπογράφεσθαι.

321 1574 412 1628 vetus
435 1564 519 1626 liber
542 1566 650 1646 inepte
673 1559 812 1650 ὁμόρους,
840 1584 880 1628 ex
902 1583 965 1646 quo
987 1559 1137 1650 ἐμπόρους
1160 1567 1232 1628 leel.

408 1669 441 1728 44
463 1671 494 1729 6.
522 1661 585 1751 ἅμα
607 1665 641 1731 δέ
663 1669 715 1732 τοῦ
737 1667 856 1754 τείχους
878 1662 1007 1751 ἐκδήσας
1030 1667 1236 1754 κατεκρέμασε
1259 1667 1363 1734 δίκτυα
1382 1664 1498 1754 ἐλάφεια
1564 1733 1565 1740 ,

320 1767 371 1834 καί
398 1765 500 1850 σόεια,
534 1765 607 1834 ὡσεί
636 1771 763 1857 ξηρᾰναι
792 1771 908 1850 θίλων,
939 1768 994 1854 καί
1025 1763 1103 1856 άλλη
1133 1771 1212 1835 ίστία
1234 1770 1291 1844 ἔξω
1313 1770 1381 1846 τοῶς
1402 1767 1499 1844 κάλους
1564 1787 1565 1830 f

319 1871 447 1960 ἔχοντα,
480 1870 551 1938 καθ’
587 1867 662 1959 άπερ
690 1875 722 1938 ἐν
745 1871 826 1939 νυκτὶ
849 1869 999 1960 ἀνέβησαν
1022 1879 1213 1960 στρατιῶται.
1261 1876 1426 1958 legebatur
1446 1896 1498 1938 non

319 1972 460 2062 ἐκδήσας,
487 1978 543 2041 sed
566 1971 722 2062 ἐπιδήσας.
1564 1967 1565 2000 ³

258 2090 308 2137 και
408 2082 446 2142 49
466 2082 494 2142 4.
527 2079 703 2167 διαπρίυντα
732 2079 766 2145 δὲ
796 2076 908 2167 μοχλὸν
932 2079 1035 2145 ἔλαιον
1063 2081 1198 2169 ἐπιχεῖν·
1232 2083 1346 2146 θᾶσσον
1373 2073 1435 2168 γάρΙ
1456 2080 1498 2146 καί

319 2177 456 2270 ἀψοφητί
480 2187 593 2268 μᾶλλον
615 2179 833 2271 πρισθήσεται·
857 2181 910 2249 ἐὰν
935 2183 968 2249 δὲ
990 2182 1042 2249 καί
1065 2179 1192 2270 σπόγγος
1211 2183 1281 2273 περί
1294 2210 1328 2251 τε
1342 2182 1392 2252 τόν
1406 2185 1499 2271 πρίονα

320 2284 371 2351 καί
392 2283 443 2352 τὸν
467 2284 580 2375 μοχλόν
604 2288 742 2374 ἐπιδεθή,
769 2290 873 2375 πολλῷ
895 2283 1066 2374 κωφότερος
1081 2284 1097 2352 ‘e
1114 2284 1210 2375 ψόφος
1225 2287 1321 2354 ἔσται.
1359 2293 1498 2372 scriptun
1564 2323 1565 2328 1

322 2403 391 2454 erat
414 2395 521 2474 inepte
543 2393 647 2477 πολλῷ
669 2385 850 2478 κουφότερος
873 2384 1020 2478 δμοχλδς
1035 2391 1131 2456 ἔσται.
1180 2403 1274 2457 erunt
1291 2394 1423 2458 tortasse
1438 2395 1499 2475 qui-

321 2495 381 2559 bus
410 2495 604 2559 servendum
633 2515 702 2558 esse
725 2494 875 2559 videatur
896 2489 913 2558 ‘e
937 2491 1061 2581 μοχλός.
1110 2497 1196 2577 quod
1217 2499 1296 2561 mihi
1319 2517 1414 2580 aegre
1435 2517 1499 2579 per-

319 2599 518 2662 suadebitur.

407 2704 447 2765 26
467 2703 517 2763 ll.
550 2696 706 2787 ἐφοδεόειν
735 2697 838 2766 τετῶν
862 2699 1027 2788 στρατηγόν
1051 2701 1201 2788 μηδέποτε
1223 2698 1276 2789 τήν
1300 2699 1393 2789 αιίτήν
1415 2697 1496 2790 ὅραι,

321 2800 390 2869 ἀλλ’
416 2800 464 2869 ἀεί
487 2803 722 2885 διαλλάσσοντα,
748 2802 799 2870 ἵνα
823 2800 864 2890 μή
888 2801 1058 2892 προειδότες
1082 2809 1188 2892 σαφῶς
1210 2807 1245 2870 ἐκ
1266 2810 1380 2872 πολλοῶ
1401 2803 1498 2894 χρόνου

319 2905 373 2993 τήν
407 2900 504 2994 ἄφιξιν
533 2913 585 2973 τοῦ
616 2911 784 2996 στρατηγοῦ
814 2910 842 2972 οἱ
866 2912 1047 2995 στρατιῶται
1068 2906 1179 2994 ταότην
1202 2905 1333 2995 μάλιστα
1353 2908 1406 2997 τήν
1427 2905 1497 2997 όραν

319 3006 523 3098 φυλάσσωσιν.
571 3013 630 3075 leei
654 3006 724 3076 ἀλλ’
750 3007 797 3076 ἀεί
820 3007 1041 3080 διαλλάσσοντα
1064 3036 1104 3077 ex
1126 3009 1206 3078 ἀλλὰ
1229 3012 1292 3098 ίδίφ
1307 3013 1495 3102 λαμβάνοντα.

405 3118 441 3178 34
464 3118 516 3178 23.
550 3107 610 3201 ἤδη
642 3115 675 3179 δέ
703 3137 780 3188 τινες
811 3112 854 3189 είς
883 3139 912 3180 τι
940 3115 1058 3204 βυβλίον
1081 3113 1249 3205 γράψαντες
1272 3111 1314 3190 ῶς
1337 3113 1497 3184 λεπτότατον

320 3215 453 3306 μακροὺς
476 3217 594 3305 στίχους
617 3217 669 3283 καί
693 3215 785 3283 λεπτὰ
807 3213 987 3306 γράμματα,
1013 3215 1056 3284 ἵν’
1082 3215 1124 3294 ὡς
1146 3217 1329 3308 εὖογκοτάιη
1352 3221 1460 3309 γίνηται
1479 3215 1494 3283 i

319 3318 478 3406 ἐπιστολή,
512 3319 577 3386 εἶτα
605 3319 654 3386 ἐπὶ
683 3326 719 3408 τῇ
750 3313 798 3409 η’ίφ
825 3327 878 3387 τοῦ
905 3327 1033 3410 χιτῶνος
1056 3325 1208 3398 ἐπιδόντες
1231 3322 1282 3390 καί
1304 3321 1494 3398 ἐπιπτόξυνττς

318 3430 370 3491 τοῦ
399 3423 576 3512 χιτωνίσκου
605 3421 659 3510 τήν
689 3419 771 3512 nine,
804 3419 970 3500 άνόποπτος
1001 3422 1038 3492 δι’
1071 3429 1155 3494 δοκεῖ
1184 3427 1262 3494 εἶναι
1285 3424 1305 3516 ή
1328 3425 1431 3516 κομιδή
1451 3431 1496 3512 τῆς

319 3532 492 3610 ἐπιστολίις,
527 3526 579 3593 καί
609 3525 801 3602 ἐνδεδυκότος
830 3526 908 3603 τινὸς
929 3527 979 3597 τὸν
1002 3531 1178 3619 χιτωνίσκον
1201 3528 1252 3596 καί
1275 3526 1354 3599 οότω
1375 3531 1495 3620 φερομέ-

318 3658 382 3698 νου.
430 3635 585 3715 seriptum
615 3644 684 3697 erat
713 3630 779 3698 εἶτα
807 3630 855 3698 ἐπί
882 3637 926 3720 τῷ
956 3626 1031 3721 ῶμιρ
1053 3637 1105 3699 τοῦ
1127 3637 1255 3722 χιτῶνος
1279 3631 1434 3709 ὑποθέντες
1453 3631 1495 3698 καί

319 3731 536 3809 ἀποπτόξαντες
565 3741 618 3800 τοῦ
647 3735 824 3822 χιτωνίσκου
853 3735 902 3801 ἐπί
930 3741 973 3826 τῷ
1002 3730 1077 3826 ῶμιρ
1107 3732 1273 3812 οἰνόποπτος
1301 3753 1334 3805 et
1356 3763 1433 3824 qnae
1451 3761 1495 3802 se-

318 3851 445 3906 cuntur.
494 3840 581 3922 qued
595 3839 719 3903 Aeneas
741 3861 758 3903 a
782 3845 962 3906 narratione
979 3843 1020 3905 ad
1039 3855 1244 3926 praeceptum
1261 3843 1412 3909 aberrans
1427 3841 1495 3908 δοκεῖ

319 3944 396 4016 dicit
419 3945 539 4007 nullam
561 3943 659 4006 habet
680 3945 898 4025 offensionem,
925 3945 982 4010 sed
997 3948 1176 4010 anacoluthi
1193 3967 1256 4010 non
1273 3950 1434 4012 insolentis
1447 3967 1494 4010 ex-

319 4049 523 4111 eusationem.
572 4049 682 4110 ultime
713 4049 812 4112 verba
836 4049 1041 4113 Ceseubonus
1073 4061 1157 4113 reete
1181 4053 1358 4133 intellexit,
1388 4053 1493 4134 quiite

319 4153 425 4228 vertit,
450 4153 515 4213 sive
537 4152 605 4233 quis
628 4153 762 4215 tunicam
786 4153 893 4216 t'nduet
915 4155 980 4217 eive
1003 4156 1046 4216 ita
1065 4155 1169 4236 serat:
1193 4175 1256 4217 non
1281 4157 1433 4220 intellexit
1447 4153 1492 4236 qui

319 4255 506 4317 Germanice
531 4274 635 4336 nuper
658 4257 886 4338 interpretetus
909 4267 968 4320 est.

405 4359 498 4422 Xllll.
530 4360 596 4422 Non
626 4369 729 4441 potest
756 4359 896 4424 dubitari
926 4361 1082 4442 quomodo
1106 4360 1320 4444 intellegenda
1343 4363 1404 4426 sint
1424 4377 1490 4441 quae

319 4463 350 4524 in
373 4460 532 4526 Aeneidos
554 4462 667 4526 111705
691 4463 859 4546 leguntur,
892 4473 976 4547 teque
998 4465 1079 4529 datis
1102 4466 1204 4547 linquo
1226 4449 1341 4542 ventie,
1369 4465 1490 4548 ρυίπωι

319 4565 453 4628 Selinus.
500 4568 539 4630 Et
567 4565 649 4629 vade
671 4566 752 4629 dura
775 4569 838 4652 ίτρο
860 4570 950 4632 senis
973 4568 1108 4652 lilybet'a
1129 4569 1237 4634 eaect‘s.
1284 4589 1389 4653 neque
1410 4565 1489 4630 dubi·
