3152 5128
193 443 454 506 Vsussssuanasn
476 463 528 506 nus
551 465 655 506 ruxrss
677 464 728 507 uss
752 446 848 508 Graux
869 465 928 508 una
950 464 1007 509 nus
1029 447 1121 509 Grurs.
1175 432 1245 504 261

584 669 728 734 cluis.

238 809 292 852 nec
314 809 386 854 vera
408 791 482 854 haec
502 789 589 854 urbis
611 791 749 854 urstadia
770 809 854 853 vana
872 791 993 874 suisset,

155 893 213 954 430
237 893 379 975 defuerat
399 895 429 956 si
451 894 554 976 Scylla
574 913 651 956 nava
673 902 813 976 correpta
831 894 950 974 surore,

238 997 353 1078 Scylla,
375 999 477 1078 panis
500 999 607 1060 miseri
623 997 804 1080 patriaeque
826 999 950 1059 inventa
972 995 1175 1080 sepulchrum,
1280 1045 1285 1052 .

238 1101 368 1163 Minoem
390 1100 508 1181 mprdis
529 1101 559 1164 si
578 1119 639 1162 nan
661 1100 808 1164 inhiasset
829 1100 940 1163 ocellis.

71 1245 101 1288 sa
122 1229 203 1290 hatte
227 1229 276 1291 ich
300 1237 430 1310 gessum,
456 1229 597 1311 defuerat
618 1231 648 1292 si
669 1232 727 1291 mit
741 1228 899 1292 Schrader
921 1227 972 1292 fur
994 1249 1048 1293 nea
1061 1230 1168 1312 fuerat
1181 1231 1248 1294 und

72 1331 101 1391 ni
118 1329 191 1393 oder
213 1333 246 1394 in
267 1331 346 1396 oder
367 1333 448 1408 nisi;
471 1332 578 1395 temer
593 1333 722 1395 Minoem
745 1334 802 1394 mit
824 1333 973 1394 Heinsius
995 1330 1047 1394 ittr
1069 1351 1085 1394 a
1107 1335 1245 1397 nimium.

73 1433 115 1494 ich
136 1434 221 1496 hatte
244 1435 414 1498 sahreiben
438 1436 536 1498 salian
562 1457 748 1514 enarrem,
775 1437 810 1498 ni
831 1437 935 1516 Scyita
949 1454 1025 1497 nava
1040 1424 1181 1518 sarrepta
1193 1438 1248 1518 fu-

72 1556 148 1614 rare,
174 1539 295 1620 Scylla,
317 1539 420 1620 patris
442 1540 548 1602 miseri
565 1540 745 1622 puriusque
768 1539 891 1600 inuenta
913 1539 1124 1620 sepulchrum,
1152 1543 1248 1603 Oni-

73 1643 154 1702 mium
181 1641 301 1724 cupidis
324 1643 428 1706 utum
455 1642 603 1705 inhiasset
623 1643 735 1705 caettis.
782 1641 855 1704 dass
878 1644 981 1706 Minoa
1003 1640 1054 1705 ittr
1077 1644 1106 1704 si
1125 1663 1186 1704 nan
1208 1664 1247 1706 uu

72 1743 228 1806 sahreiben
250 1746 297 1806 sei
319 1744 466 1808 hemerkt
487 1746 663 1808 Lachmann
686 1748 778 1808 Luar.
803 1765 829 1807 s.
851 1733 932 1807 462.Ι

235 1873 290 1937 sed
312 1875 412 1936 maius
434 1875 485 1937 iiie
503 1893 593 1956 puer,
619 1893 705 1958 quem
727 1893 781 1936 nee
803 1894 862 1937 sua
880 1875 999 1955 flectere
1020 1883 1118 1937 mater
1257 1873 1305 1921 sss
1419 1861 1420 1866 ’

237 1979 353 2040 iratum
371 1979 478 2060 potuit,
503 1996 589 2059 quem
612 1997 666 2040 nee
685 1985 775 2058 pater
797 1971 885 2059 atque
907 1996 985 2040 avus
1008 1977 1087 2040 idem

152 2081 212 2142 135
237 2082 374 2162 tnppner
397 2081 463 2160 (iiie
485 2083 575 2144 etiam
598 2083 708 2143 Poenas
731 2079 878 2142 domitare
901 2081 998 2143 teones

235 2191 263 2247 et
286 2183 412 2246 rabidas
434 2183 535 2247 docuit
554 2187 637 2247 uires
661 2203 871 2246 mansuescere
893 2185 992 2266 tiaris,

235 2287 287 2350 iiie
309 2288 399 2349 etiam
421 2287 517 2363 denas,
543 2287 674 2349 homines
700 2321 736 2332 -
761 2287 815 2351 sed
837 2287 936 2348 dicere
958 2306 1101 2371 maynum
1123 2289 1194 2368 est),

235 2389 313 2452 idem
335 2397 398 2452 mm
420 2391 516 2452 tristes
539 2390 666 2452 unctu
684 2391 838 2472 paruulus
862 2392 938 2452 iras.

75 2518 185 2582 rabidas
207 2520 250 2582 ist
272 2538 333 2580 van
349 2521 475 2600 Heyne:
501 2516 688 2580 uberliefert
710 2519 751 2580 ist
772 2519 903 2582 vatidus.
950 2518 1029 2580 eber
1051 2518 1158 2582 dieser
1180 2532 1243 2582 suta

74 2621 104 2680 ist
128 2641 188 2684 nur
209 2621 311 2684 durch
334 2621 386 2684 die
410 2622 484 2683 sehr
506 2621 666 2683 missliche
688 2621 845 2683 eunahme
869 2620 1033 2683 erklarbcr
1054 2620 1126 2684 dass
1149 2623 1245 2684 darni-

73 2729 127 2784 tare
154 2744 215 2786 van
246 2726 344 2787 manes
373 2724 535 2805 abhengn,
567 2723 671 2786 wabei
701 2724 786 2786 daun
807 2724 936 2786 rabidas
958 2726 1042 2786 uires
1064 2718 1121 2787 ἀπὸ
1143 2727 1245 2788 κοινοῦ

74 2844 105 2886 zu
123 2827 289 2890 verstehen
318 2829 376 2890 sei.
421 2828 503 2889 ohne
533 2827 658 2889 uweiiel
685 2828 726 2889 ist
748 2828 819 2890 hier
841 2829 893 2890 ein
915 2827 1135 2904 verderbniss;
1168 2828 1245 2890 eber

73 2929 205 2992 undare
226 2931 259 2993 in
282 2930 415 2994 dormire
437 2951 476 2994 zu
499 2928 704 2993 vermandeln
728 2931 769 2992 ist
791 2931 843 2992 ein
861 2930 1027 2992 knstbsrer
1047 2930 1165 2993 einiall.
1206 2951 1242 2992 zu

74 3032 225 3096 schreiben
248 3053 317 3096 war
340 3035 389 3096 itte
411 3036 500 3096 etiam
524 3035 635 3095 Poenas
657 3033 804 3096 domitare
826 3035 924 3096 teones
947 3035 984 3095 Et
1006 3055 1139 3096 nrsrnru
1152 3056 1246 3096 narrr

76 3137 144 3198 uires
172 3155 381 3199 mansuescere
408 3139 505 3219 ti9ris.
554 3137 656 3198 hierin
686 3136 768 3198 habe
791 3137 840 3197 iah
864 3136 992 3199 rabidae
1014 3156 1075 3198 van
1097 3137 1244 3198 Heinsius

76 3255 263 3316 gemmatam
298 3239 356 3302 der
384 3240 548 3302 vielieicht
576 3249 663 3302 sonst
693 3240 782 3300 nieht
808 3239 1054 3302 nnchwaisliche
1077 3242 1244 3321 genetivus

75 3340 150 3420 tiaris
178 3341 250 3404 deri
276 3343 364 3404 nicht
393 3343 490 3404 irren.
538 3344 657 3404 activas
679 3361 889 3404 mansuescere
913 3341 1016 3404 haben
1039 3344 1201 3405 Lucretius
1224 3363 1243 3402 v

77 3442 146 3503 1368
174 3447 250 3506 nach
275 3446 468 3508 Lachmanns
497 3446 710 3527 herstellung,
743 3447 839 3508 Varro
870 3444 909 3508 de
940 3465 974 3508 re
998 3446 1187 3508 rusticani
1210 3447 1240 3524 t,

76 3543 215 3627 Carippus
235 3549 299 3611 lah.
327 3569 356 3610 vr
372 3549 445 3611 253.
467 3549 540 3610 iSi.
588 3550 621 3610 in
651 3546 709 3610 der
739 3531 891 3611 ndahsten
915 3549 994 3612 zeile
1018 3550 1162 3630 verlengt
1185 3548 1244 3610 der

76 3649 336 3731 sprachgebrauah
358 3653 411 3714 sed
433 3651 533 3714 dicere
556 3672 724 3714 concrum.

235 3783 359 3844 iunonis
380 3799 510 3864 mameae
536 3779 638 3860 (cuius
657 3781 800 3861 ¹periuria
821 3781 910 3844 divae

159 3882 214 3943 iio
236 3887 258 3961 †
278 3886 349 3947 oiim
371 3887 401 3947 si
420 3886 591 3963 meminere,
616 3884 670 3946 diu
688 3885 819 3964 periura
837 3885 959 3965 puellae

235 4005 293 4048 nan
315 3988 374 4049 utii
395 3987 495 4066 liceat)
520 3987 690 4050 viciaverat
712 3989 810 4050 inscia
831 3987 930 4049 sedem

80 4113 103 4170 si
120 4111 168 4173 hat
187 4114 273 4196 sillig
295 4124 412 4178 enstatt
431 4115 489 4178 des
503 4113 732 4178 ttbarlieierten
748 4133 780 4178 se
795 4124 924 4196 gesetzt.
965 4117 1034 4176 sian
1053 4115 1140 4198 giem
1155 4117 1241 4179 euius

80 4216 203 4291 nnuma
229 4219 315 4282 diuae
339 4219 417 4282 otim
447 4220 476 4280 si
497 4239 656 4295 urrunnu,
689 4218 743 4280 diu
772 4239 931 4282 rursusne
953 4219 1074 4299 pnettae
1096 4221 1163 4281 Nam
1184 4221 1244 4284 atti

82 4315 163 4394 ineat,
186 4325 280 4385 werin
302 4322 393 4386 diuae
414 4323 626 4416 nominatiyus
649 4323 701 4383 ist.

235 4469 321 4533 saepe
342 4449 422 4514 redit
439 4452 560 4532 patrias
583 4449 768 4513 adscendere
787 4449 910 4530 perdita
930 4469 1034 4513 muros

235 4555 391 4670 Quin
409 4553 488 4639 facit
509 4571 635 4618 eausam
657 4552 715 4620 sut
735 4555 835 4620 uisere
857 4559 971 4634 turres,
