3156 5132
557 372 725 436 Anansora.

246 554 296 622 τὸν
319 557 425 634 Λοξίαν
449 556 507 646 γὰρ
528 559 742 647 προσεκύνοον,
763 553 799 628 δν
821 562 903 650 παρὰ
926 561 1032 652 θύραις

246 661 370 736 ἕκαστος
393 657 538 750 ίδρύοντο,
565 661 616 730 καί
638 660 738 751 βωμὸν
761 662 851 732 πάλιν

245 770 398 840 ποιοῦντες
420 762 503 853 αύτῷ
525 763 705 854 στρογγύλον
728 765 779 834 καί
801 770 954 858 μυρρίναις

245 867 402 956 στέφοντες
422 865 541 936 ἵστανθ’
568 872 597 936 ol
619 866 785 959 παριόντες,
811 869 961 940 κᾶνάλοον

243 969 294 1037 τὸν
317 969 418 1060 βωμὸν
441 968 532 1060 ἀγυιᾶ
555 975 673 1055 Λοξίαν,
697 972 780 1061 παρὰ
800 981 852 1043 τοῦ
876 979 949 1044 θεοῦ

244 1075 383 1161 νέμοντες
406 1071 488 1164 αύτῷ
509 1073 563 1162 τὴν
584 1078 798 1167 προσηγορίαν.
843 1076 879 1146 τὸ
901 1079 935 1145 δὲ

244 1183 347 1246 κνισᾶν
370 1175 477 1266 ἆγοιύς
498 1181 560 1254 τοῖς
582 1182 664 1256 θεοῖς
686 1175 770 1248 θύειν
793 1174 896 1270 λέγει.1

51 1303 107 1345 non
136 1304 208 1348 sum
240 1295 302 1347 tam
334 1283 438 1349 letuus
467 1297 503 1348 ut
531 1286 659 1350 credam
689 1307 740 1351 me
770 1289 802 1351 in
829 1291 964 1372 singulis
985 1291 1132 1355 omnibus
1156 1293 1290 1357 illudtor

52 1387 148 1466 ipsum
176 1387 264 1468 quod
288 1387 450 1452 Helladius
472 1391 600 1472 scripsit
620 1389 807 1455 adsecutum
829 1411 910 1454 esse.
957 1394 1016 1456 sed
1038 1396 1065 1456 si
1088 1396 1233 1459 ultimum

52 1509 172 1554 vorsum
197 1500 286 1555 recte
309 1493 474 1572 constitui,
500 1503 621 1556 remota
643 1495 771 1558 Hesiodi
794 1498 1088 1559 commemoratione
1110 1501 1235 1562 llarclr-

51 1594 197 1657 schellelii
222 1596 256 1656 in
273 1597 345 1658 lles.
371 1594 483 1676 fragm.
509 1616 540 1678 p.
559 1597 621 1658 385
645 1596 801 1660 dubitatio
821 1598 928 1679 paullo
951 1619 1045 1680 quam
1068 1601 1120 1663 ille
1137 1603 1236 1666 voluit

50 1697 133 1758 aliter
162 1698 298 1760 tollitur.
346 1699 472 1762 Photius
501 1699 579 1762 baec
608 1702 755 1784 scripsit,
786 1694 819 1766 τὸ
843 1697 876 1764 δὲ
898 1704 1001 1766 κνισᾶν
1025 1697 1131 1786 ἀγοιάς
1152 1697 1235 1791 παρὰ

46 1793 170 1888 Ἡσιόδῳ
194 1799 257 1872 τοῖς
281 1800 362 1874 θεοῖς
385 1798 469 1866 θύειν
492 1801 584 1888 λέγει.
631 1805 757 1865 servavi
781 1803 880 1890 λέγει,
909 1825 1100 1888 quamquam
1123 1807 1233 1871 eodem

51 1903 136 1982 plane
167 1903 263 1966 modo
293 1904 412 1968 dictum
442 1925 504 1968 non
535 1907 665 1968 memini
696 1927 746 1968 me
775 1908 883 1989 legere
906 1907 991 1992 apud
1013 1910 1180 1990 antiquum
1203 1922 1235 1973 et

51 2007 178 2088 probum
209 2009 410 2089 scriptorem.
457 2008 516 2070 sed
539 2009 700 2072 llelladius
730 2011 773 2073 ita
802 2011 888 2094 loqui
911 2013 1023 2092 potuit.
1070 2013 1235 2094 Eunapius

51 2111 113 2190 p.7
136 2113 238 2173 Boiss.
265 2104 394 2196 Μάλχος
423 2107 457 2174 δὲ
479 2106 556 2175 κατὰ
578 2105 631 2196 τὴν
655 2105 759 2198 Σύρων
781 2107 868 2177 πόλιν
896 2112 1078 2196 (delendum
1103 2115 1234 2180 sortasse

50 2206 126 2276 πόλιν
150 2213 469 2299 intellegentiamque
491 2215 636 2299 γλῶτταν)
664 2209 680 2280 ὃ
704 2209 875 2304 Πορφύριος
897 2217 1034 2282 ἐκαλεῖτο
1055 2213 1093 2282 τὰ
1111 2223 1231 2306 πρῶτα·

51 2319 126 2380 τοῦτο
149 2315 184 2380 δὲ
209 2311 336 2382 δύναται
358 2315 485 2404 βασιλέα
501 2315 609 2402 λέγειν.
658 2319 698 2382 do
715 2319 847 2382 Hesiodo
863 2331 969 2384 autem
984 2332 1019 2384 ut
1035 2341 1092 2403 ego
1108 2342 1233 2406 quoque

52 2417 187 2484 dubitem
219 2421 300 2485 illud
329 2423 528 2503 potissimum
556 2422 631 2486 lacit
658 2422 744 2504 quod
773 2423 860 2486 nulla
890 2426 960 2486 eius
989 2425 1023 2487 lit
1052 2427 1170 2488 mentio
1201 2427 1233 2488 in

52 2523 222 2587 doctissima
241 2527 493 2607 Harpocrationis
516 2527 711 2608 expositione
733 2547 765 2608 p.
786 2528 803 2587 l
828 2527 926 2589 Bell.
951 2528 1014 2588 iam
1033 2548 1104 2589 cum
1121 2547 1235 2591 versus

52 2628 190 2690 excludat
214 2627 296 2690 illud
317 2622 399 2714 παρὰ
414 2622 566 2714 Ἡσιόδῳ,
590 2630 659 2691 veri
682 2627 852 2693 admodum
875 2629 978 2691 simile
1002 2639 1050 2692 est
1071 2630 1233 2693 addidisse

54 2729 80 2790 id
101 2731 245 2794 Plotium
268 2751 331 2794 non
355 2731 417 2795 lida
441 2733 517 2794 satis
538 2733 690 2794 memoria
713 2731 893 2812 deceptum.

126 2837 222 2898 XXV.
248 2837 346 2897 Varro
370 2833 409 2897 de
432 2835 541 2916 lingua
555 2837 697 2897 Latinar
719 2856 751 2917 p.
771 2834 811 2896 79
828 2837 883 2916 Sp.
909 2835 987 2897 haec
1007 2834 1130 2914 scribit,
1156 2855 1233 2898 aroc

57 2934 101 3015 (ita
129 2939 367 3002 Lachmannus:
401 2947 428 3001 et
455 2958 532 3002 arae
560 2941 666 3003 minus
695 2949 781 3001 reete
802 2939 990 3018 Muellerus,
1024 2958 1060 3000 ea
1088 2959 1123 3000 re
1151 2937 1234 3001 liber

53 3039 254 3126 Florentinus)
283 3043 431 3107 Sabinum
453 3043 589 3126 linquam
612 3044 691 3106 olent
712 3059 789 3124 quoe
808 3045 875 3105 Tati
895 3043 976 3126 reqls
999 3049 1066 3104 uolo
1087 3049 1160 3104 sunt
1173 3045 1233 3104 llo-

53 3161 111 3208 noe
131 3147 300 3210 dedicatae.
346 3166 437 3224 nana,
469 3153 502 3208 ut
524 3142 659 3210 Annales
682 3145 801 3223 dicunt,
826 3146 909 3208 novit
932 3146 991 3227 Opi
1011 3145 1120 3208 Florae
1148 3146 1233 3208 Vedio

55 3249 112 3312 loci
136 3247 264 3332 (fimare
285 3250 399 3314 ἀιοιοιιι·
412 3247 505 3333 Flor.)
527 3250 729 3331 Saturnoque,
755 3249 822 3314 Son·
833 3251 940 3312 Lunae
958 3248 1083 3312 Volcano
1098 3255 1127 3312 et
1141 3249 1233 3310 Sum-

54 3369 143 3432 mano,
169 3357 297 3434 iternqrte
318 3352 483 3416 terendae
509 3354 645 3416 Termino
669 3354 797 3430 Quirino
825 3353 984 3414 Vortumno
1006 3352 1139 3416 Laribus
1156 3353 1233 3414 Dia·
1314 3412 1318 3420 ,

53 3472 103 3517 noe
122 3459 323 3538 Lucinaeque.
371 3473 387 3516 e
402 3457 469 3536 quis
491 3475 552 3524 non
572 3457 661 3520 nullo
675 3457 799 3520 nomino
814 3457 846 3518 r'n
860 3463 990 3537 utroque
1004 3456 1110 3538 linqua
1124 3453 1233 3518 labent

56 3557 176 3638 radices,
201 3567 238 3622 ut
258 3557 384 3622 arbores
407 3577 484 3640 ροισι
507 3561 538 3622 in
559 3561 684 3640 confinio
705 3566 797 3622 natae
821 3560 851 3620 ln
874 3566 1000 3640 utroque
1015 3578 1090 3641 oqro
1105 3565 1233 3640 serpunt

59 3659 310 3746 lrnpthlor.):
333 3669 430 3743 potest
451 3665 531 3724 enim
546 3663 701 3726 Saturnus
723 3662 771 3726 lic
793 3661 830 3724 de
852 3661 916 3726 alla
930 3679 1027 3728 ceusu
1042 3679 1106 3724 esre
1121 3661 1229 3740 doctas,

55 3767 287 3830 aemilianae
321 3763 422 3853 [dlonq
443 3765 558 3848 Flor.);
592 3765 629 3828 de
656 3764 763 3848 qulbus
792 3783 891 3846 supra
917 3765 1030 3826 dictum
1058 3771 1114 3826 ert.
1160 3781 1232 3825 oum

56 3867 164 3932 lunae
184 3869 263 3933 dicit
286 3869 441 3950 intellegit
463 3870 545 3931 lianc
559 3867 710 3932 Sabinam
732 3877 765 3930 et
787 3868 874 3930 illam
896 3868 986 3930 cuius
1007 3885 1124 3930 nomen
1139 3885 1171 3948 p.
1190 3863 1231 3927 tt

56 3969 152 4036 latino
166 3973 344 4054 veriloquio
360 3973 600 4054 interpretatur,
621 3971 690 4036 ltine
704 3971 783 4054 quod
798 3972 874 4034 luna
888 3971 921 4034 ln
937 3969 1126 4034 altitudinem
1140 3969 1233 4032 simul

57 4081 112 4150 tut,
142 4077 277 4139 maiano
306 4076 480 4158 appellato:
511 4077 682 4138 Saturnum
711 4083 743 4138 et
765 4074 867 4156 Opem
898 4073 1061 4155 principes
1090 4073 1122 4132 in
1146 4072 1231 4134 Latio

58 4172 123 4238 deos
150 4177 227 4242 dicit
250 4199 282 4261 ρ.
303 4179 341 4242 63
372 4197 553 4260 nomenque
576 4179 705 4242 Saturni
734 4176 775 4241 eb
804 4187 875 4240 satu
902 4173 1033 4239 deducit
1054 4193 1087 4254 p.
1107 4176 1159 4236 69.
1190 4173 1232 4236 ad

58 4273 178 4348 Annales
200 4284 420 4346 Lachmannus
449 4283 482 4344 in
510 4281 646 4364 quodem
677 4281 852 4362 exemplari
882 4299 939 4344 suo
966 4276 1151 4342 dubitanter
1172 4277 1231 4339 ad-

58 4383 171 4464 scripsit
195 4387 358 4448 ιΕοιιίἰΨ.
389 4395 467 4467 ροιο
482 4386 537 4450 vix
553 4403 622 4450 esse
638 4383 861 4450 dubitandum.
894 4381 1130 4466 adgnoscuntur
1145 4381 1229 4446 enim

61 4481 132 4569 tongi
152 4509 264 4556 versus
287 4489 369 4570 hice,
