3182 5132
556 400 723 465 Anienem.
1161 391 1231 461 411

65 591 167 671 scripta
187 600 251 671 est,
284 591 417 654 Perbelle
436 590 548 673 seceris
570 593 600 654 si
620 591 663 654 ad
684 609 739 654 nos
762 593 894 654 veneris.
941 591 1072 672 offendes
1095 592 1239 676 desiyrta-

65 695 157 754 tionem
175 695 377 774 Tyrannionis
399 695 559 774 mirificam
581 696 613 757 in
637 695 786 757 librorum
801 713 936 756 mearam
952 692 1138 774 bibliotheca,
1163 716 1239 780 qao-

65 815 123 858 ran
149 799 294 880 reliquiae
322 798 415 860 mallo
444 799 583 861 melcbres
613 807 686 861 snnt
713 815 805 880 qnam
830 805 989 879 pitaram.
1036 801 1126 862 ctiam
1149 801 1239 863 celim

65 900 127 960 nrrbi
145 903 244 963 mittas
266 901 304 962 de
326 903 388 963 turs
411 901 583 964 librariolis
606 901 683 964 dnos
697 903 817 983 aliyrtos
832 901 942 984 quibas
963 903 1114 982 Tyrannio
1131 911 1239 966 ntatnr

64 1003 293 1083 ylntinatoribas,
310 1004 465 1066 adcelera
481 1005 685 1083 administris,
700 1007 796 1087 iisqne
812 1007 941 1086 imperes
957 1012 992 1066 at
1005 1014 1130 1070 sumant
1145 1024 1239 1068 mem-

65 1105 212 1169 branulam
234 1125 277 1168 eoe
298 1125 359 1188 arta
383 1107 496 1169 indices
516 1109 610 1188 fiant,
639 1125 713 1190 qnos
735 1127 789 1171 vos
814 1110 941 1184 Graeci,
966 1115 1001 1170 at
1022 1111 1141 1189 opinor,
1167 1112 1238 1174 σιλ-

64 1202 159 1293 lbi-lom
186 1210 358 1292 adpellatis.
405 1209 581 1274 aGraevic
611 1214 764 1293 scriptum
794 1219 842 1274 est
870 1207 1047 1296 σιλλόβους,
1077 1212 1238 1276 Medianas

65 1311 136 1374 liber
154 1313 275 1376 sillabas
297 1313 404 1375 habet.
452 1315 530 1376 mibi
553 1315 678 1378 sillabas
702 1315 806 1396 potius
825 1315 876 1377 vel
893 1314 1014 1396 sittybas
1030 1313 1236 1380 scribendum

65 1415 193 1496 ridetur,
218 1416 258 1480 de
282 1435 345 1498 qua
368 1435 445 1480 voce
468 1417 642 1481 Lobeckius
666 1418 747 1480 dixit
769 1419 849 1479 Pral.
876 1419 963 1500 path.
989 1439 1021 1500 p.
1042 1420 1116 1480 290.
1163 1438 1236 1480 nam

65 1519 91 1578 in
113 1521 245 1599 proxima
262 1521 423 1583 Ciceronis
439 1521 575 1602 epistula
596 1541 626 1584 rr
642 1521 660 1581 b
678 1521 756 1586 haec
771 1522 917 1602 legimns
944 1521 1149 1584 bibliotbecam
1164 1523 1239 1584 miti

64 1624 105 1682 lai
118 1625 285 1703 pr'nsncrnnt
305 1626 526 1688 constmtctione
548 1634 576 1687 et
597 1623 734 1706 sillybis:
758 1643 807 1686 eos
830 1627 920 1687 velim
943 1625 1061 1688 landes.
1109 1625 1154 1687 ibi
1173 1627 1237 1688 Me-

64 1722 160 1786 diceus
188 1725 270 1789 liber
303 1729 343 1790 sit
376 1727 451 1809 tybis
486 1728 590 1791 babet.
643 1747 700 1810 pro
734 1730 955 1792 consonatione
984 1730 1102 1809 placuit
1131 1747 1237 1810 nuper

64 1831 272 1908 constrictione,
304 1831 390 1912 quod
420 1830 532 1894 volunt
557 1833 736 1914 significare
760 1832 922 1894 involucra
945 1831 1110 1894 librorum.
1158 1833 1236 1894 mihi

64 1929 210 2012 designata
240 1955 258 1996 a
287 1936 487 2016 Tyrannione
516 1933 671 2000 librorum
703 1937 872 1999 conlocatio
904 1945 985 1997 recte
1016 1935 1078 1998 dici
1108 1935 1237 1999 videtur

63 2039 246 2118 constructio,
272 2039 526 2100 constrictionem
549 2048 655 2101 autem
678 2040 764 2101 illam
787 2050 907 2102 temere
930 2041 1135 2120 excogitatam
1151 2049 1235 2103 certe

64 2135 185 2205 Orellius
212 2145 350 2221 pessime
381 2141 534 2205 defendit.
582 2161 653 2207 nam
685 2162 767 2223 qnae
798 2143 918 2206 Plinius
946 2141 1043 2205 habet
1063 2145 1132 2205 Nat.
1159 2145 1231 2206 hist.

64 2259 107 2301 mr
121 2244 158 2306 26
185 2242 211 2327 (ξ
226 2245 277 2329 82)
313 2265 348 2308 ea
378 2246 420 2308 ab
449 2245 507 2306 hac
535 2263 569 2306 rc
594 2247 687 2327 plane
709 2247 813 2309 aliena
835 2256 927 2326 sunt,
958 2247 1108 2308 Martialis
1130 2255 1235 2308 autam

63 2346 240 2424 epigramma
263 2368 312 2410 xrr
327 2347 368 2409 37
385 2368 461 2410 sane
483 2345 557 2411 clim
582 2350 623 2410 ita
645 2349 857 2430 scribebatur,
884 2351 1051 2412 Scrinium.
1097 2350 1235 2414 Constri-

63 2436 120 2509 cni
141 2451 200 2512 nbi
212 2452 269 2514 dos
284 2452 360 2514 mibi
373 2452 498 2530 libellos,
517 2449 680 2516 Admittam
695 2456 793 2516 tineas
809 2461 965 2535 trucesque
979 2453 1102 2531 blattas,
1121 2473 1233 2516 verum
1243 2472 1293 2518 sos

65 2554 221 2616 rectissime
236 2555 501 2618 Schneidewinus
524 2557 656 2638 expulso
679 2559 854 2620 constrictos
877 2567 1067 2638 receptoque
1091 2577 1130 2618 ex
1153 2559 1236 2639 cpti-

64 2656 115 2716 mis
135 2655 256 2720 duobus
279 2659 371 2722 libris
393 2661 515 2722 selectos
538 2662 732 2740 epigramma
756 2681 795 2722 ex
819 2661 939 2723 insulso
963 2658 1037 2722 lecit
1057 2661 1185 2742 elegans
1200 2679 1235 2722 ac

64 2754 194 2822 facetum,
234 2762 342 2844 sillybi
360 2763 404 2825 illi
421 2775 698 2827 conmemorantur
714 2767 807 2826 etiam
824 2783 853 2825 tr
869 2765 913 2844 8⁸,
938 2771 1041 2844 postea
1056 2782 1128 2824 cero
1143 2781 1234 2844 ynam

68 2861 204 2940 Tyrannio
232 2865 308 2927 mibi
328 2865 421 2929 libros
444 2868 595 2949 disposuit
616 2886 700 2930 mens
723 2867 831 2929 addita
852 2867 975 2928 videtur
996 2867 1071 2928 meis
1093 2865 1231 2928 aedibus.

25 3007 33 3020 .
63 2981 112 3043 aaa
140 2967 254 3046 quidem
283 2972 315 3030 in
343 2989 377 3031 re
404 2972 534 3051 mirifico
562 2989 654 3052 opera
684 2973 823 3052 Dionysii
849 2978 876 3032 el
899 2969 1062 3052 Menophili
1089 2972 1136 3032 lai
1158 2969 1231 3052 snit.

63 3067 129 3130 nibil
148 3076 303 3135 erenastr'ns
325 3091 416 3154 arram
439 3075 495 3136 illa
517 3082 571 3136 tna
590 3083 732 3157 peyrnata
744 3082 905 3156 postquam
920 3073 996 3136 mibi
1008 3073 1125 3154 sillybis
1142 3073 1234 3135 libros

65 3171 267 3239 inlustrarant
316 3179 357 3239 ita
389 3177 454 3239 lere
484 3177 578 3239 hodie
608 3177 769 3240 scribitur.
817 3177 913 3240 habet
941 3185 1047 3239 autem
1075 3175 1235 3238 Mediceus

65 3273 135 3336 liber
152 3288 311 3362 postauam
333 3283 415 3342 misit
437 3279 548 3342 libros:
575 3300 688 3342 verum
713 3301 752 3342 cx
773 3282 964 3342 Tornesiano
986 3279 1131 3343 adfertur
1149 3287 1235 3361 post-

63 3395 140 3456 quam
167 3387 205 3446 sit
232 3383 311 3446 tibae
341 3383 445 3446 libros.
493 3383 580 3446 unde
602 3385 734 3466 adparet
755 3382 961 3446 scribendum
985 3403 1054 3446 esse
1075 3391 1234 3465 postquam

63 3482 173 3547 sittibce
196 3487 290 3550 libros
314 3489 534 3551 rnlrrstrarant.
582 3489 729 3568 cogitavit
750 3486 790 3548 dc
813 3489 1006 3550 nominativo
1022 3489 1158 3565 Boetius,
1178 3485 1234 3548 sed

64 3583 267 3653 Graecanicam
299 3592 370 3654 elus
400 3591 532 3653 formam
564 3593 594 3652 in
619 3593 672 3653 illo
695 3594 734 3654 sit
756 3590 834 3652 tibae
857 3592 954 3652 latere
978 3610 1039 3651 non
1065 3589 1232 3652 intellexit.

64 3689 90 3748 in
111 3693 218 3776 Hygini
248 3695 354 3773 iabula
379 3695 439 3755 ⁴78
463 3695 578 3776 Micylli
602 3696 734 3776 Spartae
756 3695 948 3756 Munckcrus
977 3712 1039 3754 non
1070 3695 1102 3755 in
1127 3695 1236 3774 Sparti

64 3805 170 3860 mutare
192 3799 345 3878 debebat,
378 3799 435 3860 sed
460 3801 492 3860 in
515 3799 654 3878 Spartae.
704 3797 786 3860 idem
811 3798 941 3878 Spartae
964 3795 1163 3858 reddendum
1187 3808 1236 3860 est

64 3895 210 3963 tomiano
233 3903 414 3964 Marcellino
431 3921 479 3963 xrx
495 3903 514 3961 8
533 3902 589 3980 ll,
616 3901 672 3963 ubi
701 3901 784 3963 liber
804 3900 972 3963 Fuldensie
994 3907 1099 3980 sparto
1123 3898 1230 3962 babet.

65 3997 135 4062 idem
156 4005 254 4068 codex
270 4023 331 4068 xxa
351 4007 387 4066 lb
408 4006 445 4066 ll
464 4025 525 4066 non
549 3999 689 4090 ἀμφίβιοι
712 4002 817 4082 habet,
844 4003 901 4066 sed
924 4003 1068 4084 amfiboe:
1097 4001 1234 4066 adcura-

64 4103 115 4164 tius
136 4108 229 4188 igitur
250 4109 430 4172 scribemus
452 4108 595 4190 amfibice.
1259 4117 1260 4121 ’

137 4213 248 4276 LXXV.
282 4214 392 4275 Cicero
421 4215 454 4274 in
484 4213 624 4273 oratione
654 4227 711 4292 pro
734 4212 809 4272 Sex.
835 4211 942 4272 Roscio
964 4207 1114 4272 Amerina
1138 4207 1231 4293 §lib

65 4313 147 4375 atalae
168 4327 252 4380 artes
269 4317 429 4397 Capitonis
453 4318 492 4377 ita
516 4313 677 4393 describit,
706 4313 911 4394 impedimento
934 4322 979 4376 est
1000 4333 1057 4395 aaa
1079 4317 1181 4376 minos
1197 4316 1234 4376 de

63 4411 102 4476 bis
127 4419 212 4482 rebns
236 4421 328 4483 Snlla
353 4419 515 4494 doceatur;
546 4427 714 4480 ceterorum
737 4419 903 4499 lepatomrm
925 4419 1053 4479 eansilr'a
1076 4426 1102 4480 ct
1125 4419 1233 4480 volan-

64 4525 137 4583 tatem
152 4525 339 4608 Cbryscyono
355 4525 511 4597 enrerrtiat,·
528 4530 627 4584 monet
643 4529 675 4584 at
687 4521 848 4602 provideat
864 4540 900 4581 ne
913 4523 1018 4602 palam
1036 4540 1084 4583 res
1100 4529 1231 4603 ayatnr,·
