3160 5132
303 417 397 484 Surus
420 425 519 484 iurare
541 436 600 485 ror
624 419 758 484 Brcuruu
781 421 926 483 bauran.
1163 405 1211 478 99

51 605 172 684 liuba?
192 611 281 690 quasi
305 630 368 673 non
391 631 516 675 omnem
539 611 648 674 ilatum
672 629 801 673 neeesse
824 620 909 674 esset
932 612 1064 672 moveri.
1111 628 1152 672 an
1168 611 1214 672 sio

54 709 268 790 reponendum?
627 715 628 718 ’

180 815 332 882 Consulite
354 816 478 882 laesus
500 835 554 880 sou
576 835 631 880 vos
654 819 708 880 vio
726 816 851 900 flatibus
873 825 983 901 respuet

180 920 311 984 Psaosas
333 929 361 983 et
383 923 513 1003 inceptos
536 940 651 984 mcum
673 939 818 1002 revocure
841 920 970 998 labores,

180 1022 241 1084 Seu
260 1025 368 1106 plures
391 1032 452 1086 eto.

55 1135 124 1202 atque
152 1125 244 1206 baeo,
275 1126 327 1188 vir
350 1126 582 1208 eruditissime,
614 1127 656 1190 ad
678 1129 820 1209 quaesita
842 1139 896 1192 tua
919 1127 1091 1192 effudimus
1113 1131 1218 1210 potius

54 1245 125 1306 quam
146 1229 386 1310 respondimus3
412 1239 464 1310 tu,
490 1232 546 1312 qui
569 1233 687 1295 auotori
711 1231 787 1294 huie
809 1231 933 1296 edendo
955 1251 1083 1314 operam
1106 1252 1215 1312 navas,

52 1334 132 1394 omnia
161 1333 240 1395 baec
268 1333 454 1415 diligentius
485 1335 668 1416 expendere
697 1345 788 1417 potes
816 1347 848 1398 et
870 1354 927 1418 pro
952 1335 1068 1398 iudicio
1090 1347 1144 1398 tuo
1166 1336 1217 1398 vel

53 1433 161 1512 probaro
182 1437 237 1498 vel
254 1435 437 1518 repudiare.
485 1437 565 1501 illud
581 1448 611 1501 te
624 1433 692 1519 oro,
719 1450 753 1502 ut
769 1441 802 1502 in
818 1437 1085 1520 adnotationibus,
1110 1439 1220 1522 siquid

52 1555 80 1596 os
98 1537 140 1600 his
160 1541 272 1602 lectori
295 1541 460 1621 impertire
485 1541 583 1622 velis,
614 1557 730 1604 nomeu
752 1555 858 1606 meum
882 1541 1078 1620 dissimules;
1112 1545 1220 1614 neseio

53 1641 116 1702 euim
136 1661 184 1724 an,
209 1645 239 1705 si
263 1657 377 1706 nervos
399 1643 567 1706 intendero
591 1655 622 1707 et
645 1643 763 1708 librum
780 1643 939 1728 integrum
956 1664 1028 1709 oum
1045 1663 1120 1708 eura
1137 1646 1221 1708 rete

54 1761 117 1822 gero,
139 1747 196 1808 alia
221 1743 302 1808 mihi
327 1757 359 1808 et
382 1745 431 1809 his
451 1749 608 1810 contraria
624 1745 867 1812 subnascuntur.
914 1767 1015 1812 unum
1031 1750 1093 1812 iam
1109 1755 1218 1832 restat,

54 1847 90 1908 sir
107 1847 325 1930 celeberrime,
351 1849 437 1930 quod
451 1851 593 1914 libenter
609 1871 648 1914 ex
663 1863 695 1914 te
711 1851 806 1914 velim
823 1853 988 1915 soisoitari.
1028 1851 1121 1915 video
1137 1855 1222 1916 inter

54 1957 75 2008 tr
88 1959 111 2012 et
125 1951 162 2014 lo.
181 1951 344 2016 Clerieum
361 1952 481 2017 bellum
497 1957 728 2018 atrocissimum
746 1959 913 2038 exarsisse,
933 1967 966 2018 et
981 1957 1043 2037 legi
1060 1944 1221 2018 Gallioum¹

57 2061 118 2116 tuan
135 2059 312 2140 seriptum,
343 2059 376 2120 in
399 2075 462 2139 quo
484 2059 645 2120 hominem
667 2057 745 2121 adeo
768 2058 944 2141 depexuru,
974 2057 1053 2122 adeo
1075 2058 1276 2141 eolaphisoos

59 2171 190 2224 untusum
215 2159 346 2242 dedisti,
371 2171 406 2223 ut
429 2162 484 2224 vix
507 2165 574 2243 ipse
597 2161 692 2224 eredo
715 2183 749 2224 se
771 2163 906 2225 noverit.
947 2180 1053 2243 neque
1069 2162 1128 2227 hoo
1143 2179 1221 2252 sup-

54 2258 122 2340 plicio
142 2273 312 2326 oonteutus
335 2264 431 2326 alium
454 2263 598 2327 libellum
621 2265 682 2328 sub
705 2265 775 2328 licto
791 2265 1017 2329 Philoleutberi
1040 2267 1167 2329 nomine
1187 2267 1220 2328 in

52 2377 123 2445 caput
151 2365 291 2430 inlelieis
320 2366 496 2450 impegisti;
534 2367 575 2431 de
605 2370 695 2431 cuius
717 2385 793 2431 veru
821 2381 948 2433 auctore
972 2371 1058 2432 inter
1080 2365 1221 2432 eruditos

49 2467 197 2552 disceptari
234 2469 341 2533 audio.
389 2470 530 2534 Clericus
558 2481 663 2536 tamen
692 2473 761 2554 ipse
790 2492 849 2554 per
879 2471 1044 2554 epistolam
1072 2491 1123 2534 me
1153 2473 1222 2536 eius

50 2569 128 2634 libelli
149 2581 277 2656 patrem
300 2591 371 2636 esse
395 2575 578 2638 insinuabat
600 2585 632 2639 et
656 2595 814 2640 rumorem
837 2595 911 2638 eum
934 2578 1029 2638 etiam
1052 2586 1222 2658 autequam

49 2673 114 2738 liber
141 2677 287 2760 prodiret
317 2695 377 2759 per
397 2685 498 2741 toturn
520 2681 663 2761 Belgium
687 2680 901 2743 increbruisse
925 2691 1050 2743 narrat:
1083 2679 1225 2743 undeet

48 2775 220 2864 bibliopolae
249 2781 302 2842 hie
333 2781 365 2843 in
387 2781 550 2846 Britannia
581 2783 699 2864 passim
721 2781 782 2845 sub
805 2803 875 2846 meo
897 2783 1024 2845 nomine
1047 2783 1224 2847 divendere

47 2883 143 2945 solent.
189 2883 274 2946 seire
305 2877 403 2965 igitur
424 2905 442 2946 a
464 2893 495 2948 te
526 2903 604 2949 aveo
626 2903 666 2948 an
691 2903 802 2949 verum
826 2888 866 2948 sit
889 2888 984 2949 talem
1007 2903 1168 2950 rumorem
1192 2887 1225 2946 iu

48 2983 137 3067 Belgio
160 3005 231 3050 esse
247 3002 405 3068 sparsum,
431 2997 463 3050 et
477 2987 564 3050 unde
581 2987 608 3051 is
622 2989 761 3070 primurn
778 2988 1001 3068 dimanaverit,
1026 2989 1224 3052 aClerioone

47 3105 76 3148 on
96 3109 111 3151 a
133 3101 177 3170 te,
203 3107 244 3154 au
267 3089 309 3152 ab
332 3089 410 3172 ipsis
433 3091 585 3154 lectorum
608 3091 752 3155 iudiciis:
779 3092 898 3156 deinde
922 3089 1057 3175 quidde
1074 3089 1225 3173 opusculo

47 3190 88 3252 illo
108 3195 247 3257 sentiant
270 3193 407 3274 literati,
439 3194 617 3274 BelanduS,
650 3195 812 3278 Cuperus,
846 3195 1044 3276 Perizonius,
1070 3195 1226 3258 llusterus

46 3293 167 3377 aliique;
195 3315 235 3360 an
258 3296 300 3360 ab
324 3296 498 3360 emtoribus
520 3297 613 3361 avide
637 3297 826 3381 diripiatur,
852 3317 891 3363 an
915 3300 1014 3380 magis
1037 3298 1070 3361 in
1092 3297 1226 3360 officinis

48 3396 175 3464 librariis
202 3401 332 3464 baereat
362 3411 393 3464 et
423 3384 613 3479 obsolescat;
646 3420 686 3465 an
718 3409 809 3484 paret
831 3401 953 3485 aliquid
977 3401 1118 3466 Clericus
1141 3399 1226 3482 quod

49 3514 183 3582 reponat;
209 3515 242 3568 et
265 3521 476 3586 quaeeunque
499 3503 540 3566 de
561 3515 625 3568 toto
648 3503 701 3568 illo
723 3507 848 3587 negotio
863 3506 925 3568 seis
939 3516 975 3568 ut
991 3525 1042 3568 me
1058 3507 1226 3568 certiorem

48 3601 142 3669 lasere
168 3607 260 3670 velis.
307 3605 449 3670 Clericus
480 3605 608 3688 quidem
639 3608 673 3670 id
694 3629 713 3671 a
736 3625 786 3672 me
818 3607 965 3691 exigebat
993 3619 1029 3671 ut
1050 3607 1226 3677 λακωνικῶς

48 3707 88 3768 sel
108 3711 190 3772 aiam
211 3709 264 3774 vel
286 3727 419 3792 negem:
446 3711 504 3774 sed
526 3731 597 3774 oum
619 3713 723 3794 primo
743 3729 793 3774 me
810 3711 935 3776 insidiis
951 3719 983 3774 et
999 3709 1116 3774 deinde
1132 3709 1227 3772 minis

51 3811 147 3888 [etiam
168 3824 239 3878 aute
262 3813 406 3877 libellum
429 3813 560 3899 editum)
587 3835 756 3898 aggressus
779 3826 873 3896 esset,
899 3833 1006 3898 neque
1021 3813 1141 3877 librum
1157 3829 1226 3875 mea

46 3933 148 3978 caussa
169 3937 338 4000 agnoscere
359 3917 458 3998 volui,
484 3937 543 3981 neo
565 3919 651 3982 illius
674 3937 784 3982 caussa
806 3919 944 3982 eiurare.
991 3925 1027 3980 tu
1043 3917 1151 3999 igitur,
1176 3915 1227 3976 vir

45 4020 237 4103 amicissime,
263 4019 313 4083 lau
333 4031 369 4083 ut
392 4023 628 4103 quamprimum
650 4023 771 4103 poteris
794 4019 863 4085 luse
885 4021 963 4084 mibi
979 4019 1084 4084 omnia
1100 4037 1223 4097 narres,

46 4137 122 4200 quae
153 4122 189 4186 de
216 4125 269 4187 illo
296 4123 406 4186 libello
428 4123 462 4186 in
486 4125 683 4188 eruditorum
706 4124 849 4189 coetibus
871 4125 957 4207 apud
979 4141 1036 4186 vos
1057 4123 1224 4185 laetantur.

44 4225 122 4287 sale.
154 4225 258 4318 datum
287 4225 509 4310 cantabrigiae
537 4230 625 4293 ad.
653 4229 690 4291 ts
714 4228 847 4311 Augusti
873 4227 966 4291 illo.
1013 4227 1136 4290 litteras
1157 4235 1228 4287 tuas

47 4327 88 4388 sio
109 4329 286 4395 insoribito:
320 4331 369 4394 lor
390 4332 444 4394 the
467 4333 636 4396 Reverend
658 4335 712 4396 Dr.
737 4333 885 4416 Bentley,
917 4334 1031 4396 blaster
1052 4331 1085 4394 oi
1104 4329 1227 4409 Trinity

48 4429 166 4514 College
187 4435 220 4496 in
242 4433 425 4516 Cambridg.
