3178 5136
344 401 417 474 538
740 417 782 476 Ex
806 435 903 477 asana
926 419 1134 479 Bracarsassr.

341 607 439 670 luisse
468 605 524 686 qui
552 605 785 684 intellegerent.
831 597 977 684 ignorant
999 604 1203 686 proverbium
1226 604 1380 668 Graecum
1401 617 1507 670 veteres

342 708 632 791 paroemiographi‚
665 706 723 769 sed
741 706 848 769 ‘hahet
869 708 1021 788 Scaligeri
1045 703 1241 792 Στρωματεός
1271 719 1304 772 44
1325 729 1399 773 usus
1420 730 1452 772 eo
1471 721 1507 772 est

342 813 476 875 Basilius
499 813 532 871 in
554 811 714 872 Thesauro
737 810 889 891 Stephani
912 821 937 872 t.
955 829 985 872 rr
1006 830 1039 892 p.
1060 812 1140 872 4944
1166 823 1426 875 conmemoratus.
1463 813 1507 874 oh-

342 923 504 978 servatum
519 931 588 976 esse
604 912 733 976 videtur
748 911 970 976 Commodiano
985 914 1154 977 cum'dixit
1169 915 1265 978 Instr.
1283 915 1348 977 137
1362 917 1399 977 45
1411 917 1506 998 saaca

341 1024 415 1080 4444
434 1018 562 1079 nimium
584 1016 621 1077 de
643 1017 705 1078 illis
727 1024 800 1078 nolo
821 1005 961 1097 4444444.Ι
989 1025 990 1030 ’

283 1129 331 1176 eta
428 1120 491 1181 Vll.
525 1119 702 1200 Cyprianus
730 1117 771 1180 ad
801 1119 954 1181 Donatum
984 1122 1088 1201 capi
1114 1140 1147 1201 p.
1166 1123 1184 1182 6
1203 1121 1240 1182 43
1259 1123 1296 1182 Η.
1328 1122 1360 1182 io
1384 1125 1509 1204 proprias

342 1222 451 1285 laudes
473 1222 579 1284 odeosc
602 1224 724 1284 iactatio
747 1230 811 1284 est:
842 1223 982 1303 quamvis
1005 1241 1065 1284 444
1088 1225 1234 1285 iactation
1253 1226 1354 1305 possit
1373 1243 1448 1302 esse,
1469 1225 1511 1288 sed

341 1333 465 1409 protum
486 1325 633 1408 quidquid
654 1344 715 1386 oon
730 1325 840 1387 virtuti
852 1322 982 1386 hominis
999 1325 1197 1399 4444444444,
1224 1327 1279 1391 sed
1293 1327 1331 1390 de
1345 1327 1395 1390 dei
1405 1347 1511 1389 monere

341 1429 561 1509 praedicetur,
594 1435 628 1489 44
656 1430 720 1489 iam
747 1446 808 1489 noo
833 1445 976 1508 peccasse
1004 1447 1068 1491 4444
1089 1431 1220 1510 coeperit
1238 1429 1329 1511 fidei,
1360 1432 1434 1514 quod
1454 1441 1512 1492 cate

339 1539 497 1612 peccatum
519 1539 564 1593 444
581 1530 680 1612 fuerit
700 1531 818 1592 errores
841 1529 977 1592 4444444.
1025 1531 1231 1594 scribendum
1255 1543 1304 1595 est
1325 1552 1389 1596 esse
1403 1537 1513 1614 coeperit

342 1633 401 1695 dei.
449 1632 592 1695 firmatur
615 1632 795 1695 emendatio
810 1652 847 1695 eo
863 1632 950 1714 quod
964 1634 1070 1695 stetim
1085 1633 1225 1715 additur,
1251 1636 1302 1698 dei
1315 1645 1368 1715 est,
1394 1639 1510 1720 444444,

341 1737 392 1798 dei
412 1755 497 1798 omae
518 1736 598 1818 quod
616 1755 791 1818 possumus,
817 1755 922 1816 neque
945 1737 1051 1799 minus
1073 1737 1134 1814 his,
1160 1757 1242 1818 quae
1257 1749 1352 1801 antea
1367 1739 1511 1808 dicuntur,

341 1847 376 1902 44
403 1847 481 1902 44444
509 1856 672 1921 4944444444
700 1846 855 1902 44444444
881 1838 979 1921 fuisse
1007 1840 1086 1923 quod
1110 1843 1201 1922 precs
1230 1843 1402 1905 carnaliter
1420 1851 1512 1904 44444

341 1943 457 2005 delictis
479 1940 644 2004 abacelam
667 1943 792 2018 4444444,
818 1943 868 2004 dee¹
889 1961 953 2004 esse
979 1946 1110 2025 coepisse
1132 1944 1211 2026 quod
1227 1945 1292 2006 iam
1311 1947 1434 2026 spiritus
1448 1964 1514 2007 soa-

341 2053 407 2108 ctus
432 2047 596 2106 animaret.

427 2146 505 2210 Vlll.
530 2146 680 2209 Boethius
702 2149 735 2208 in
758 2148 973 2229 Philosophica
997 2150 1207 2211 consolatione
1223 2169 1252 2211 rr
1275 2169 1371 2212 carm.
1390 2150 1440 2211 45

547 2294 621 2357 quos
643 2293 769 2358 serpens
791 2276 835 2337 leo
858 2278 947 2359 tipris
969 2295 1064 2340 44444
1087 2295 1162 2358 oper

549 2377 636 2440 dente
655 2386 771 2458 petunt,
797 2379 876 2440 idem
898 2398 930 2441 44
952 2387 1052 2442 tomen
1075 2397 1145 2442 ense
1162 2387 1279 2460 petunt.

345 2506 431 2568 nullo
460 2514 549 2586 pacto
577 2504 664 2568 credi
693 2515 797 2587 potest
819 2509 985 2571 Boethium
1010 2526 1086 2589 oper
1108 2508 1259 2588 producta
1284 2512 1390 2590 priore
1410 2509 1514 2592 syllaba

344 2609 497 2689 posuisse.
543 2609 682 2670 ilenatus
705 2610 803 2689 igitur
817 2611 960 2673 Vallinus
982 2613 1111 2692 scripsit
1134 2615 1207 2695 apri
1214 2634 1223 2672 :
1238 2611 1305 2686 ‚sed
1326 2613 1443 2693 plurale
1458 2613 1515 2674 sin-

344 2708 507 2792 gularibus
529 2709 673 2773 additum
696 2711 854 2794 displicet.
901 2713 1107 2776 scribendum
1130 2715 1235 2795 potius
1253 2725 1302 2777 est
1316 2733 1408 2778 44444
1423 2734 1512 2796 asper,

345 2814 379 2877 id
402 2823 448 2876 est
470 2832 595 2876 saevus.
642 2815 790 2876 similiter
805 2817 900 2897 lupus
915 2816 1034 2880 dicitur
1048 2836 1144 2899 asper
1160 2837 1178 2879 a
1193 2818 1331 2897 Vergilio
1346 2815 1423 2880 hen.
1441 2837 1468 2880 u
1483 2819 1510 2876 ot

345 2926 377 2979 et
406 2917 446 2978 ah
469 2915 582 2978 Ovidio
609 2917 681 2978 ldet.
699 2936 729 2978 rr
747 2918 819 2980 toa.
851 2921 996 2983 Valerius
1025 2920 1153 2982 Flaccus
1167 2939 1201 2980 ιιι
1218 2921 1279 2980 706
1309 2939 1420 3001 aspero
1447 2939 1516 2982 4444

221 2999 229 3018 ’
341 3021 472 3100 pocidos
494 3027 601 3093 contro
624 3022 688 3082 ruit
710 3040 792 3103 apae
815 3022 937 3084 leones?
959 3042 1022 3085 non
1045 3041 1125 3103 opus
1148 3033 1195 3084 est
1217 3024 1279 3083 alia
1300 3022 1429 3086 addere.

430 3118 483 3183 lx.
508 3123 662 3185 Luxorius
675 3123 783 3204 Epigr.
799 3125 838 3184 69
859 3122 964 3206 (anth.
978 3127 1085 3188 Burm.
1098 3135 1122 3186 t.
1137 3144 1159 3186 11
1171 3144 1203 3205 p.
1219 3127 1254 3185 64
1261 3125 1293 3204 3,
1309 3126 1392 3188 hies.
1405 3147 1436 3207 p.
1450 3128 1507 3198 934Ι

520 3251 565 3312 sic
587 3249 686 3312 ihem't.
731 3253 898 3332 preciosos.
946 3260 1100 3315 44444444
1121 3253 1244 3332 creabit,

518 3371 664 3434 purpura
687 3355 731 3416 sic
752 3373 863 3437 mopso
885 3355 1031 3436 depresso
1054 3358 1085 3418 ia
1107 3358 1223 3419 murice
1242 3354 1350 3438 stupet,

521 3459 566 3518 sic
587 3458 695 3538 aiproe
717 3458 817 3519 violae
836 3476 895 3538 per
916 3459 1022 3520 mollio
1042 3460 1188 3541 promise
1210 3468 1354 3534 vernant,

520 3559 565 3620 sic
588 3567 681 3621 tetros
704 3559 855 3641 quaedam
877 3561 1066 3624 commendat
1085 3562 1190 3644 pratia
1210 3579 1355 3644 pemmas,

522 3662 566 3722 sic
584 3661 685 3741 placet
706 3661 848 3724 obscuros
870 3661 1013 3744 elephans
1036 3665 1170 3726 iomanis
1194 3665 1226 3725 in
1248 3673 1349 3739 artus,

522 3766 567 3826 sic
589 3765 669 3826 luris
687 3765 863 3847 piperisque
885 3765 957 3827 lodi
977 3766 1104 3848 nipredo
1123 3766 1281 3848 plocescit.

346 3892 485 3973 primum
507 3892 701 3956 versiculum
724 3913 787 3956 non
811 3895 898 3974 potui
922 3895 965 3956 ita
988 3895 1217 3957 emendarent
1239 3898 1333 3977 plane
1350 3897 1423 3958 mihi
1437 3895 1516 3958 satis-

347 3992 502 4058 facerem:
529 3996 687 4076 proleram
710 4006 815 4060 tamen
838 4015 900 4077 quo
924 3998 1049 4058 litterae
1072 3998 1144 4059 illae
1166 4016 1192 4060 s.
1218 4017 1301 4060 4444
1323 3997 1437 4062 ducere
1452 3997 1515 4059 mihi

347 4095 509 4159 videntur.
557 4098 652 4161 credo
669 4101 838 4162 Luxorinm
860 4098 1004 4160 scrihere
1026 4101 1167 4181 potuisse
1190 4101 1235 4164 sic
1256 4101 1380 4164 ebenum
1397 4103 1514 4184 44444444

349 4199 466 4280 Syenae
496 4208 582 4263 44444
609 4204 736 4265 creavit.
783 4203 936 4284 scripturn
966 4204 1128 4266 invenitur
1155 4223 1219 4265 non
1250 4223 1404 4286 nusquam
1424 4221 1514 4274 sicae.

348 4303 446 4365 veluti
477 4304 509 4364 in
539 4303 775 4386 exemplaribus
797 4306 933 4367 Vitruvii
956 4326 988 4387 p.
1009 4306 1064 4366 494
1087 4308 1171 4386 hil,
1206 4307 1361 4370 itinerarii
1383 4303 1515 4369 Antonini

347 4424 379 4485 p.
399 4405 439 4467 ta
457 4406 502 4486 P.‚
536 4407 678 4469 hlartiani
710 4407 854 4489 Capellae
877 4427 909 4488 p.
930 4409 989 4470 494
1008 4407 1062 4470 Gr.
1095 4409 1232 4472 ebenum
1264 4410 1382 4473 Plinius
1395 4406 1514 4491 xu§l9

347 4509 473 4571 Meroen
502 4527 605 4590 usquc
635 4528 652 4571 a
683 4511 787 4592 Syene
811 4512 957 4573 inveniri
986 4511 1080 4591 dicit,
1116 4515 1218 4593 potuit
1246 4522 1352 4576 autern
1381 4515 1514 4576 Lnxorius
