3178 5136
339 356 411 429 534
734 372 779 432 Ex
801 390 899 433 aaut
922 373 1129 434 linnottnrnsr.

337 561 471 638 Latinis,
504 561 572 622 sive
602 558 809 622 scribendum
838 569 886 622 est
914 567 1031 622 notura
1052 561 1145 622 vincit
1167 569 1314 624 umorum
1335 571 1361 624 et
1379 563 1421 624 dei
1438 565 1492 627 tos

337 664 404 724 sive
427 663 533 744 potius
555 665 650 726 uincit
670 671 788 725 notura
809 671 955 724 οοιονουι
977 671 1006 724 et
1027 664 1077 725 dei
1097 663 1178 726 deos.

423 764 472 830 nd
495 785 524 828 ιν
546 767 599 846 82,
632 774 660 829 et
681 767 762 829 coelo
784 765 927 846 defusum
949 767 1083 829 reddidit
1110 785 1234 849 ceptor,
1267 767 1437 831 adnotatum
1461 781 1498 830 est

338 870 401 930 ium
430 869 584 932 adducato
613 870 662 932 sul
691 867 923 952 sepiuonubihus
958 877 1067 932 cetere.
1122 871 1284 934 Usenerus
1313 871 1405 934 latere
1427 883 1499 952 putat

337 991 493 1052 pannum,
521 973 640 1052 nteit,
675 983 786 1054 poetae
809 971 956 1053 dactylici
979 971 1251 1054 scribendumque
1274 975 1398 1054 conicit,
1420 977 1499 1037 mira-

279 1073 392 1140 mobili
415 1077 572 1156 acumine,
597 1063 715 1158 aquom*
739 1075 844 1138 adlicit
867 1097 888 1137 o
909 1076 974 1138 sale
995 1096 1069 1160 pyro
1091 1075 1229 1139 Nohohus
1252 1076 1395 1156 aethereo,
1422 1081 1500 1140 nimi-

338 1196 406 1238 rum
431 1178 500 1240 Iris.
533 1179 684 1259 equidem
707 1178 898 1259 adgnoscere
922 1179 999 1240 mihi
1022 1179 1134 1242 videor
1151 1199 1282 1242 versum
1305 1180 1499 1244 hexameron

336 1281 386 1342 cui
409 1282 534 1361 primus
561 1299 618 1362 pes
641 1281 748 1362 deest,
786 1283 848 1343 iam
881 1281 1015 1344 adducto
1042 1283 1199 1364 ochupiue
1226 1281 1359 1345 nutum
1386 1283 1498 1345 oetluoe.

335 1401 397 1446 non
428 1395 553 1464 praesto
589 1386 651 1446 inm
684 1384 819 1447 adducto
856 1383 940 1464 (nam
961 1395 1094 1466 possunt
1123 1386 1176 1448 illa
1201 1388 1332 1466 gravius
1353 1387 1502 1467 depravata

335 1486 430 1568 esse),
468 1486 526 1549 sed
557 1488 714 1570 salsupine
747 1489 834 1568 ipsee
869 1488 993 1550 litterae
1023 1497 1210 1550 monstrant.
1258 1487 1343 1569 quod
1373 1488 1411 1551 de
1437 1509 1503 1570 aqua

335 1589 457 1652 marina
479 1588 600 1652 dictum
628 1600 675 1652 est
697 1600 733 1653 ut
755 1582 837 1673 ἅλμη
861 1589 1064 1653 Graecorum.

420 1692 537 1755 xcvtl.
564 1693 769 1756 Chelidonem
785 1694 962 1774 theologum
985 1681 1241 1756 commenticium
1265 1713 1335 1757 esse
1357 1707 1504 1775 anumque

337 1793 456 1857 elalsa
487 1797 747 1875 interpretatione
778 1795 939 1878 proverbii
968 1786 1066 1860 πυθοῦ
1094 1793 1250 1882 χελιδόνος
1272 1798 1442 1879 probabilis
1466 1809 1504 1860 est

334 1899 442 1978 opinio
464 1899 613 1961 Lobeckii
635 1897 707 1979 Agl.
733 1920 766 1980 p.
784 1901 858 1962 aot.
906 1900 1043 1963 hirundo
1074 1899 1281 1963 hauddubie
1311 1901 1504 1982 intellegenda

334 2011 381 2062 est
411 2001 443 2062 in
467 2021 563 2064 versu
593 2001 647 2063 illo
680 2004 747 2064 sive
770 2000 990 2084 Aristophanis
1013 2004 1099 2083 sive,
1133 2002 1173 2066 de
1197 2022 1260 2085 quo
1290 2005 1377 2086 prior
1397 2005 1506 2067 Osanno

334 2106 478 2166 Sturzius
501 2106 666 2185 cogitavit,
694 2105 857 2168 Chionidis
886 2107 920 2168 in
942 2107 1089 2168 lleinekii
1115 2107 1249 2169 Comicis
1271 2119 1295 2169 t.
1321 2127 1342 2168 n
1365 2129 1396 2190 p.
1422 2108 1504 2184 tttt,

333 2205 431 2270 πυθοῦ
459 2203 590 2292 χελιθιῦν
625 2203 722 2291 πηνίκ’
756 2200 831 2272 άττο
861 2207 1016 2295 polueram
1053 2230 1189 2291 quocum
1223 2210 1402 2272 Dindorlins
1433 2221 1508 2273 recte

334 2313 518 2390 conparavit
547 2312 673 2374 initium
696 2313 1110 2393 Thesmophoriezusarum,
1143 2303 1169 2375 oi
1193 2311 1273 2390 Ζεῦ,
1304 2309 1431 2400 χελιδάν
1457 2304 1509 2398 ἆρά

333 2435 405 2476 ποτε
427 2407 615 2498 poeticarum
647 2435 710 2478 non
732 2415 832 2496 probo
854 2426 960 2478 autem
984 2416 1070 2497 quod
1091 2417 1256 2480 Dobracus
1279 2419 1312 2480 in
1336 2418 1438 2480 Kiddii
1458 2419 1509 2478 lli-

334 2517 500 2579 scellaneis
523 2518 722 2580 Porsonianis
746 2539 777 2600 p.
797 2519 857 2580 383
883 2518 1089 2582 scribendum
1112 2522 1246 2582 coniecit
1273 2520 1373 2584 πυθοῦ
1393 2517 1505 2606 χελιδά.

335 2621 427 2681 immo
451 2639 491 2682 ex
511 2619 610 2684 πυθοῦ
625 2615 781 2705 χελιδόνος
803 2633 894 2706 poeta
910 2624 1050 2685 comicus
1066 2623 1154 2685 linxit
1176 2625 1402 2686 nominativum
1422 2623 1509 2686 πυθοῦ

332 2717 474 2807 χελιδών.
523 2723 600 2786 dioit
622 2733 728 2786 autern
751 2725 827 2803 hoc,
861 2724 1001 2805 ‘quando
1025 2725 1103 2788 illud
1125 2725 1224 2790 πυθοῦ
1246 2722 1401 2811 χελιδόνος
1421 2727 1509 2808 adpa-

334 2827 418 2887 retl'
457 2826 488 2888 id
512 2837 560 2888 est
583 2828 647 2890 dici
667 2829 784 2908 poterit
806 2827 983 2908 adparente
1005 2830 1093 2890 veris
1115 2832 1227 2892 nuntia
1242 2830 1423 2893 hirundine.
1457 2829 1509 2892 sub

334 2947 397 3008 qua
427 2929 577 2993 facetiore
611 2932 760 2993 orationis
789 2930 889 2993 forma
919 2933 1076 2994 sententia
1109 2931 1219 2995 subest
1252 2953 1316 2994 non
1344 2935 1403 2995 alia
1424 2953 1508 3014 quam

334 3050 415 3112 quae
451 3041 499 3095 est
534 3033 684 3096 versiculi
714 3035 1121 3115 Thesmophoriaausarum.
1168 3038 1214 3098 sie
1245 3035 1450 3122 βακχέβακχος
1476 3055 1508 3098 en

335 3130 440 3219 Βάκχε
462 3129 569 3220 Βάκχε
591 3135 706 3198 lactum
730 3148 793 3217 est,
827 3135 970 3223 ἰόβοκχος
1000 3157 1040 3200 ex
1064 3133 1100 3200 ini
1123 3133 1249 3224 Βάκχε,
1281 3136 1394 3210 οῦλινος
1421 3136 1510 3220 exiri

333 3234 414 3315 olive,
439 3257 545 3319 neque
568 3240 624 3319 qui
647 3236 749 3322 ἔλεχος
772 3260 886 3304 nomen
910 3261 948 3302 ex
972 3242 1143 3324 ephymnio
1166 3239 1198 3305 ἑὲ
1220 3238 1295 3328 λέγ’,
1319 3241 1352 3306 ἑὲ
1375 3242 1442 3328 λάχε
1466 3263 1508 3304 re·

330 3350 446 3421 petunt
465 3340 561 3423 (qnod
581 3341 686 3404 lacere
710 3344 838 3406 memini
856 3343 1069 3407 Godolredum
1093 3347 1317 3426 hermannum)
1346 3348 1506 3427 analogiam

331 3443 468 3506 Graecae
492 3445 619 3525 linguae
638 3447 768 3508 violant.
817 3445 927 3508 eodem
943 3449 1084 3527 pertinet
1106 3450 1194 3529 qnod
1210 3449 1384 3513 Lobeckius
1400 3449 1503 3511 Pathol.

333 3558 383 3608 t.1
406 3567 439 3628 p.
459 3547 519 3608 t73
552 3548 657 3610 attulit
687 3568 726 3610 cx
750 3550 950 3630 Cynegeticis
973 3570 983 3610 1
1006 3552 1080 3630 att,
1116 3545 1193 3636 ῦμήν
1226 3547 1368 3636 ῦμένοιον
1397 3549 1504 3615 ἀείδων.

330 3651 477 3712 similiter
492 3650 627 3712 Ovidius
651 3651 793 3731 loquitur
816 3650 939 3714 inArte
956 3653 1056 3733 1563,
1078 3673 1158 3734 pars
1184 3657 1373 3734 ‘Hymenaee
1395 3661 1505 3717 cocunt

327 3772 406 3834 pars
429 3754 563 3816 clamant
584 3753 825 3816 cettonectoe:
855 3755 942 3834 quod
965 3755 1095 3818 luerunt
1117 3760 1172 3837 qui
1197 3777 1259 3818 non
1282 3759 1502 3839 intellegerent.

416 3857 547 3918 XCVlll.
583 3855 853 3919 Barbarismornm
877 3859 1023 3939 exempla
1046 3860 1079 3920 in
1099 3859 1192 3921 Keilii
1208 3860 1426 3923 Grammaticis
1447 3871 1468 3921 t.
1483 3877 1506 3918 n

331 3981 361 4039 p.
384 3959 441 4020 ⁴97
460 3979 503 4022 ss.
529 3959 622 4022 valde
645 3959 861 4023 memorabilia
890 3972 965 4024 sunt
988 3981 1094 4042 neque
1117 3971 1240 4024 tantum
1264 3963 1305 4024 ad
1328 3981 1506 4044 cognoscen-

329 4063 401 4125 dam
423 4063 606 4143 linguarum
630 4081 648 4124 o
670 4064 780 4125 Latina
801 4074 1047 4145 propagatarum
1077 4067 1231 4145 originem
1261 4067 1363 4129 utilia.
1410 4066 1448 4128 de
1468 4065 1506 4124 eis

330 4165 464 4246 paucula
487 4164 638 4227 adnotare
660 4167 730 4227 volo
753 4168 835 4228 scitu
859 4165 991 4230 fortasse
1018 4187 1081 4229 non
1103 4169 1197 4249 plane
1221 4168 1364 4250 indigna.

414 4268 447 4331 P.
468 4267 528 4329 tat
552 4268 604 4331 27.
644 4287 749 4352 pyrro,
776 4288 838 4331 oon
858 4289 965 4352 pyrus.
1005 4271 1049 4333 ita
1072 4271 1184 4334 codex.
1223 4271 1428 4336 scribendum
1449 4279 1504 4332 erat

328 4391 388 4433 non
410 4391 531 4454 poenos.
579 4371 612 4434 id
635 4375 764 4452 saepius
788 4373 904 4454 legitur
926 4375 960 4434 in
983 4373 1085 4454 libris,
1111 4376 1210 4437 veluti
1233 4375 1320 4456 apud
1345 4374 1502 4464 Ausonium

328 4495 360 4555 p.
379 4476 440 4536 560
458 4477 507 4554 Τ.,
533 4474 620 4556 apud
642 4477 776 4538 Nonium
799 4497 830 4558 p.
852 4478 891 4539 20
916 4478 969 4555 26,
997 4478 1057 4539 489
1081 4479 1134 4540 32.
