3156 5132
528 403 698 468 Αιυιιιιοτι.
1133 389 1203 464 381

42 593 137 654 laetum
166 605 214 656 est
242 613 283 656 ex
312 589 432 677 ἠλειοῦ,
467 596 600 657 coniecit
622 593 830 657 scribendum
853 613 923 656 esse
946 593 1134 679 lmtpocdpoo
1157 596 1264 656 veltet

41 695 268 781 προχειροτέρου,
300 707 332 758 οι
355 707 403 760 est
426 715 501 760 sane
531 707 703 779 utrumque
725 707 789 760 tam
812 707 920 778 aptum
948 716 1043 778 quam
1066 701 1209 779 ineptum

40 809 75 859 est
94 797 250 885 λειοτέρου,
277 799 334 862 sed
357 802 426 862 veri
449 801 553 863 simile
576 811 728 864 neutrum
751 810 809 863 est.
857 800 1063 863 scribendum
1087 811 1135 864 est
1156 823 1210 863 τε-

41 901 188 987 λειοτέρου,
221 906 314 967 cuius
345 902 435 966 verbi
459 906 559 984 prima
582 903 704 985 syllaba
727 902 883 984 quomodo
905 904 1049 985 neglecta
1071 906 1112 966 sit
1135 907 1212 966 satis

40 1004 164 1086 adparet.

107 1110 166 1171 hll.
197 1108 246 1171 hd
263 1110 359 1171 Rhesi
382 1130 413 1171 v.
432 1111 494 1172 3l7
519 1113 551 1172 in
575 1111 702 1172 scholiis
726 1111 802 1173 haec
824 1111 973 1173 Heracliti
997 1113 1135 1175 narratio
1153 1109 1211 1172 ad-

39 1215 137 1293 scripta
159 1222 218 1292 est,
244 1206 358 1298 ἑβδόμη
384 1210 416 1276 δὲ
440 1207 600 1297 Καλλιόπη
623 1211 743 1297 ποίησιν
765 1203 835 1298 εὗρε
856 1207 1031 1298 ποιημάτων
1060 1212 1115 1296 (sic
1132 1215 1211 1276 Her-

40 1333 173 1378 mannns
210 1315 296 1379 liber
325 1319 495 1381 Vaticanus
523 1310 650 1399 πάντων)
686 1311 738 1381 καὶ
767 1311 972 1400 συνοικήσασα
1001 1311 1123 1402 Οἰάγρῳ
1157 1315 1211 1399 (sic

40 1418 237 1481 llermannus:
272 1420 355 1483 liber
384 1413 602 1505 συνοικήσαντα
632 1413 725 1506 ἀγρῷ)
753 1423 843 1504 γεννᾷ
861 1414 990 1506 Ὀρφέα,
1022 1413 1072 1483 τὸν
1093 1414 1211 1484 πάντων

40 1519 157 1604 μέγιστον
181 1517 349 1608 ἀνθρώπων
374 1523 404 1586 ἐν
427 1547 463 1608 τη
487 1523 677 1609 κιθαρῳδικῇ
701 1523 794 1608 τέχνη
817 1517 987 1607 γενόμενον,
1013 1518 1085 1608 πρὸς
1108 1519 1212 1587 δὲκαὶ

40 1628 80 1708 της
99 1625 255 1710 ἐγκυκλίου
279 1621 441 1710 μαθήσεως
463 1619 795 1711 ουγκρεματικιότερον·
827 1620 919 1710 ὀγδόη
943 1621 974 1688 δ’
1002 1621 1157 1712 Εὐτέρπη,
1191 1617 1211 1710 ἢ

39 1723 79 1811 τὴν
99 1724 164 1793 κατ’
191 1723 287 1793 αιἰλοῦ
310 1719 395 1814 εὗρεν
419 1725 571 1810 εὐέπειαν,
605 1722 809 1814 συνοικήσασα
832 1725 979 1814 Στρυμόνι
1000 1729 1131 1794 ἐντεκνοῖ
1158 1730 1213 1811 (sic

41 1831 239 1896 dermannus:
267 1832 349 1897 liber
371 1832 507 1915 ἐντεκνῶ)
530 1826 651 1917 Ῥῆσον,
674 1823 710 1904 “aa
729 1826 785 1896 ‘und
797 1827 963 1904 Ὀδυσσέως
976 1829 1029 1897 καί
1045 1827 1213 1917 Διομήδους

40 1928 202 2020 ἀναιρεῖται.
250 1938 381 2018 planum
411 1948 460 2000 est
488 1933 544 1998 ubi
576 1947 750 1998 monstrum
780 1935 870 1998 verbi
901 1931 1213 2024 copapepatrao'rtepor

41 2037 141 2118 legitur
171 2043 295 2122 requiri
324 2034 537 2127 ἐμπειρότατον
567 2041 617 2102 vel
646 2041 749 2102 simile
772 2040 911 2121 aliquid,
942 2060 1048 2123 neque
1077 2041 1111 2103 id
1134 2040 1214 2122 lugit

39 2139 211 2206 Guilelmum
239 2143 449 2207 Diodorlium.
497 2145 597 2206 latere
628 2153 734 2206 autem
764 2143 895 2206 videtur
924 2144 1047 2207 doctius
1076 2144 1155 2226 quid
1183 2155 1214 2208 et

40 2243 253 2326 depravationi,
280 2267 362 2329 quac
386 2250 521 2310 maxima
545 2259 594 2310 est
617 2257 648 2309 et
672 2266 773 2328 paene
796 2257 975 2329 portentosa
996 2251 1029 2310 in
1045 2249 1108 2311 illis
1123 2250 1215 2311 scho-

40 2347 94 2428 liis,
118 2354 216 2432 magis
239 2350 423 2414 obnoxium.
472 2350 559 2414 unde
582 2350 749 2412 audaciore
773 2351 904 2432 quidem
928 2355 1125 2432 coniectura,
1158 2352 1214 2415 sed

41 2454 112 2529 quali
135 2458 168 2516 in
192 2456 250 2518 hac
273 2457 423 2518 vitiorum
447 2456 581 2517 colluvie
605 2474 699 2535 saepe
723 2453 878 2518 utendum
901 2465 949 2517 est
971 2459 1116 2538 suspicor
1136 2459 1217 2518 scri-

37 2551 165 2620 bendum
188 2577 258 2621 esse
279 2554 353 2644 πρὸς
369 2556 402 2622 δὲ
424 2555 476 2621 καί
497 2560 551 2642 τῆς
566 2556 723 2641 ἐγκυκλίου
749 2551 911 2642 μαθήσεως
929 2558 1214 2644 συγκεκροτημένον.

41 2659 172 2724 similiter
201 2661 283 2726 dixit
313 2673 441 2743 praeter
464 2663 541 2724 alios
562 2662 790 2724 Demosthenes
813 2664 846 2723 in
869 2666 1008 2724 oratione
1031 2663 1215 2744 Olynthiaca

39 2761 122 2825 altera
144 2763 217 2848 §ll
242 2760 330 2836 δόξαν
362 2763 415 2850 μὲν
446 2763 569 2852 ἔχουσιν
598 2758 639 2837 ὥς
666 2765 725 2828 εἰσι
748 2763 917 2849 θαυμαστοί
939 2761 990 2830 καί
1012 2789 1215 2851 συγκεκροτη-

40 2861 112 2944 μένοι
132 2863 167 2932 τὰ
189 2871 241 2934 τοῦ
263 2867 408 2953 πολέμου.
455 2873 623 2951 genetivus
646 2889 719 2932 cum
742 2871 800 2931 hoe
823 2871 988 2951 participio
1014 2873 1055 2933 ita
1084 2873 1217 2934 coniun-

39 2979 98 3030 ctus
119 2982 167 3034 est
188 2983 222 3036 ut
238 2974 445 3036 Philostratus
468 2973 550 3036 dixit
573 2968 725 3057 θαλάττης
741 2963 825 3038 οὔπω
847 2973 1084 3058 γεγυμνασμένοι
1099 2977 1217 3056 aliique

39 3074 159 3156 similia,
196 3078 236 3141 de
267 3077 386 3160 quihus
416 3078 591 3161 disputavit
620 3079 879 3141 llemstcrhusius
907 3078 982 3141 adn.
1007 3082 1041 3140 in
1069 3080 1216 3140 Thomam

41 3180 210 3258 magistrum
232 3203 265 3263 p.
287 3182 359 3244 tal.

105 3284 176 3346 Llll.
200 3284 357 3369 Apuleius
370 3289 402 3348 in
414 3284 563 3368 Apologia
578 3305 646 3367 cap.
663 3288 680 3346 9
694 3285 752 3346 hoc
768 3288 963 3367 epigramma
975 3305 1067 3348 suum
1083 3286 1215 3367 profert,

161 3389 267 3452 Floreo
289 3399 385 3466 εονια,
409 3408 508 3452 meum
530 3391 599 3466 mel,
624 3397 652 3451 cl
673 3389 746 3452 daec
768 3389 822 3451 troi
843 3393 983 3452 coracino
1005 3391 1093 3459 dono,

203 3496 345 3556 earmina
367 3494 443 3556 dono
466 3493 530 3572 tihi,
556 3501 641 3556 serto
663 3501 712 3556 tuo
734 3495 831 3576 portio,

158 3600 297 3659 carmina
317 3599 373 3674 uti,
401 3599 510 3674 Critic,
536 3597 691 3659 dcccdccc
713 3605 816 3678 οριαια
838 3605 970 3660 coactor

203 3719 280 3783 quoe
303 3701 348 3763 dis
371 3709 490 3783 septeno
513 3719 584 3762 vere
607 3700 661 3762 tihi
682 3709 806 3778 remeat,

159 3813 240 3866 serto
262 3813 362 3868 autem
384 3814 418 3868 αι
440 3806 515 3868 lucto
538 3804 592 3866 tibi
613 3812 744 3886 tempore
767 3812 901 3886 temporo
924 3810 1060 3876 sternent,

204 3912 314 3972 celotes
334 3909 440 3989 liorem
460 3908 587 3988 [λογίους
609 3917 643 3970 αι
666 3908 798 3970 decores.

161 4019 190 4074 ιιι
211 4013 287 4074 melei
307 4013 360 4075 des
383 4021 489 4074 contro
509 4032 567 4093 pro
590 4029 685 4073 verrio
705 4012 781 4092 [lore
803 4019 888 4073 tuum
911 4030 976 4084 ver,

203 4124 237 4178 ut
258 4124 366 4178 nostro
389 4134 540 4197 emuperes
563 4134 693 4178 maluero
714 4114 903 4190 rancoribus,

161 4237 213 4296 pro
237 4221 381 4301 implearis
404 4222 496 4280 sertis
519 4220 710 4300 complcaeum
731 4237 857 4300 corpore
880 4217 983 4289 redde,

204 4341 318 4404 proque
340 4326 420 4384 rosis
444 4325 507 4384 oris
530 4325 620 4385 savio
638 4324 802 4403 purpurei.

164 4427 236 4504 quod
258 4429 287 4488 si
308 4430 444 4488 animum
467 4428 599 4508 inspires
621 4426 701 4488 douc
723 4433 751 4487 et
773 4427 834 4487 lom
857 4427 998 4486 carmina
1019 4431 1126 4484 nostro

208 4530 310 4593 cedent
331 4534 411 4593 'evicto
434 4537 483 4592 tuo
506 4529 675 4610 dulciloquo
698 4529 824 4590 colonio.

92 4639 206 4692 huetii
224 4646 333 4698 Opnoonls
346 4647 387 4688 111.
980 4647 1011 4696 25
