3178 5136
530 404 748 466 Contrarium.
839 390 840 393 ¹
1157 395 1228 464 577

41 591 173 652 cessaria
197 609 271 671 pars
291 595 480 656 sententiaa.
527 613 640 674 ponam
664 603 767 656 tamen
791 592 877 674 quod
900 613 971 657 oum
998 601 1060 658 tota
1082 597 1232 658 carminis

42 692 160 754 ratione
182 696 299 774 opIIme
322 694 452 758 videtur
474 696 656 774 oonvenIm,

230 787 335 882 Ὤιχεο
356 792 402 862 ἔτ’
428 792 576 875 dminus,
601 793 732 881 Κινησία
747 789 879 882 Ἑρμοῦ,
905 791 1026 884 ἀκριβὲς

280 898 404 964 datione
424 895 505 986 Ἀίδῃ
527 901 628 986 χρεῖος
650 895 857 987 ὀφειλόμενον,

43 1001 117 1062 Orco
139 1001 270 1064 debitum
289 1005 505 1084 persoluturus
529 1007 678 1088 ιἰιιοριιιπι
701 1011 791 1086 atque
812 1011 968 1067 eoactum.

122 1123 265 1184 LXXVII.
307 1123 423 1187 Fabula
445 1123 586 1206 Aesopoa
610 1125 724 1186 Halmii
738 1124 795 1184 38I
826 1118 965 1208 Ποταμὸς
996 1117 1128 1206 διῖαύτού
1152 1118 1230 1210 βύρ-

42 1245 92 1284 σαν
115 1223 285 1310 φερομένην
309 1220 380 1289 ἰδὼν
402 1220 541 1312 η’ριύιησε
562 1225 605 1298 τίς
627 1227 782 1291 καλεῖται·
806 1215 826 1310 ἢ
850 1223 884 1290 δὲ
898 1223 963 1290 οἶσι
987 1221 1114 1312 “Εηρύ.”
1159 1228 1230 1291 irot-

40 1321 194 1411 καχλάσας
225 1325 258 1392 δὲ
286 1333 330 1416 τῷ
356 1325 482 1414 ῥεύματι
509 1327 590 1394 εἶπεν
621 1321 717 1394 “aitte
744 1352 773 1392 τι
796 1325 879 1414 ζήτει
906 1329 1083 1394 καλεῖσθαι·
1112 1325 1231 1414 ἁπαλὴν

40 1423 93 1512 γὰρ
119 1425 183 1514 ἐγώ
210 1421 269 1515 ἤδη
299 1427 378 1518 ταχύ
405 1426 523 1517 ποιήσω
554 1433 621 1496 σε.”
665 1433 884 1496 Laohmannus
912 1434 945 1494 in
967 1433 1167 1497 adnotatione
1190 1435 1230 1496 ad

40 1529 149 1594 Aviani
185 1534 323 1598 Iabulam
353 1537 388 1598 ii
423 1536 602 1600 adsentitur
634 1535 776 1598 Bekkero
806 1526 880 1620 ξηρά
902 1537 935 1598 in
963 1531 1047 1622 πήρα
1076 1540 1225 1611 mutanti3

41 1636 187 1714 equidem
211 1657 273 1700 non
296 1639 469 1702 adsentior.
516 1642 634 1701 etenim
651 1640 767 1700 mirum
782 1649 831 1702 est
851 1632 951 1723 πήραν
967 1650 1058 1702 antea
1075 1640 1137 1704 diui
1153 1635 1230 1728 βύρ-

42 1759 93 1800 σαν
116 1747 148 1802 et
171 1739 340 1804 mediocris
361 1743 479 1824 alioqui
508 1741 614 1805 Iabuia
640 1760 770 1823 prorsus
800 1741 919 1804 insulsa
942 1755 991 1806 est
1018 1745 1081 1806 nisi
1112 1737 1230 1830 ἁπαλήν

40 1845 209 1922 opponitur
230 1848 398 1908 eontrario.
445 1847 554 1926 itaque
575 1845 701 1926 placere
725 1855 830 1928 posset
852 1839 927 1930 ξηρά
953 1848 980 1908 si
1008 1849 1082 1928 quis
1104 1846 1231 1914 dooeret

42 1944 79 2004 ita
102 1943 223 2008 diotum
247 1967 316 2010 osse
339 1950 460 2010 oorium
475 1967 538 2010 non
561 1947 738 2010 subactum.
786 1946 844 2010 sed
867 1957 902 2010 ut
917 1947 1006 2011 aliud
1020 1948 1152 2012 subesse
1168 1970 1230 2030 pu-

40 2057 98 2106 tem
122 2046 265 2111 adduoor
287 2051 432 2132 vestigiis
448 2068 530 2131 quae
546 2049 705 2131 dispioere
728 2050 806 2112 mihi
823 2048 934 2112 videor
955 2070 1106 2114 versuum
1122 2052 1229 2116 Babrii

40 2161 89 2212 aut
110 2152 226 2214 similis
248 2163 369 2232 poetae.
417 2155 473 2234 qui
496 2171 610 2216 versus
633 2153 712 2216 tales
737 2164 869 2234 possunt
892 2151 1001 2233 fuisse,

245 2250 384 2339 Ποταμδς
407 2248 449 2318 δι’
476 2249 568 2320 αύτού
590 2253 759 2341 φερομένην
785 2250 856 2320 todo
881 2248 994 2343 βύρσαν

246 2355 275 2420 τί
296 2351 412 2422 καλοῖτ’
439 2353 650 2446 ἐπηρώτησεν·
676 2347 696 2442 ἢ
720 2352 749 2420 δ’
777 2356 835 2444 ἔφη
860 2357 1013 2446 “δέρρις.”

244 2455 452 2546 ἐπικαχλάσας
476 2456 506 2522 δ’
532 2457 643 2546 ἔφησεν
668 2451 762 2524 “dizo
784 2484 812 2524 τι
835 2453 936 2544 ζήτει·

244 2553 304 2648 ἤδη
326 2559 383 2648 γὰρ
407 2558 526 2646 ἁπαλὴν
549 2557 628 2649 ταχύ
650 2557 680 2625 o’
707 2560 803 2647 ἔγωγε
824 2552 987 2646 ποιιῇσιιι.”Ι

42 2679 199 2746 Aneodota
221 2684 357 2746 Bekkeri
380 2704 412 2764 p.
432 2685 492 2746 ato
518 2682 630 2767 δέρρις,
662 2677 699 2745 τὰ
730 2676 804 2766 ξηρὰ
826 2680 959 2766 δέρματα
981 2677 1032 2746 καλ
1054 2676 1287 2764 ἀμάλακτα,4ὓθ

42 2787 285 2870 καταχρηστικῶς
307 2783 341 2850 δὲ
362 2780 469 2849 πάντα.

122 2907 280 2968 LXXVIII.
321 2907 455 2968 Carmen
472 2907 504 2968 in
519 2904 702 2985 aetiologia
720 2903 868 2966 Planudis
883 2923 912 2964 ιν
930 2904 968 2963 ii
986 2924 1017 2984 p.
1035 2904 1097 2963 328
1121 2901 1225 2984 (Antii.

45 3009 100 3069 Pal.
127 3010 189 3070 Iao.
215 3020 238 3070 t.
257 3028 279 3070 u
295 3030 327 3090 p.
348 3009 419 3088 689)

186 3105 316 3196 Ἑρμείῃ
339 3109 444 3196 ξυλίνῳ
465 3134 510 3181 τις
531 3104 692 3194 ἐτρύχετο,
717 3105 769 3173 καὶ
791 3103 875 3180 ξύλον
898 3099 963 3191 ἦεν.

195 3208 259 3277 εἶτά
283 3237 331 3298 μιν
355 3209 459 3300 ἀείρας
481 3209 615 3298 χαμάδις
637 3205 728 3298 βέλε’
754 3213 806 3275 τού
829 3205 858 3275 δ’
887 3201 945 3276 ἄπο
968 3206 1078 3297 χρυσὸς

193 3313 332 3402 ἔρρεοσεν
354 3315 545 3399 καταγέντος.
592 3308 675 3402 ύβρις
696 3310 770 3400 πόρε
791 3309 920 3378 πολλάκι
942 3313 1059 3400 κέρδος.

44 3440 94 3515 qui
117 3439 339 3518 conparaverit
363 3435 502 3498 iabulam
531 3435 636 3497 Babrii
661 3437 720 3496 tta
751 3454 814 3498 non
837 3434 997 3499 dubitabit
1020 3435 1131 3497 horum
1155 3453 1229 3496 ver-

44 3559 131 3602 suum
154 3551 377 3622 argumentum
400 3549 433 3601 et
455 3541 570 3620 partim
595 3537 693 3601 verba
716 3537 791 3600 inde
814 3549 937 3620 sumpta
962 3557 1043 3601 esse.

125 3643 256 3704 LXXIX.
305 3642 448 3704 Manetho
471 3659 500 3702 rr
524 3643 585 3702 i99
609 3659 652 3702 ss.

215 3761 243 3826 οἰ
266 3755 296 3825 δ’
315 3755 435 3849 Ἑρμῆς
456 3754 570 3832 τούτοις
592 3754 791 3846 ἐπιμάρτυρος
813 3755 850 3845 ἠὲ
871 3754 939 3824 κατ’
967 3754 1039 3824 αύτδ

217 3867 294 3950 ζῷον
316 3862 372 3943 ἔοι,
398 3865 518 3936 κλῶπας
541 3861 699 3948 ληίστορας
722 3857 930 3949 ἀνδροφονῇας

217 3961 236 4053 ἢ
260 3962 381 4039 ναύταις
404 3962 526 4053 ὀλοῇσιν
548 3966 690 4038 ἑπακταῖς
712 3969 806 4051 κῆρας
829 3957 955 4049 ἄγοντας

216 4070 308 4156 ῥέζει,
332 4065 407 4156 ἀτὰρ
429 4065 573 4134 δανύτοιο
594 4068 679 4141 τέλος
699 4063 859 4154 τετληύτας
882 4063 964 4132 αἰνὸν

215 4172 283 4260 πρίν
305 4197 337 4238 τε
359 4172 462 4238 θανεῖν
484 4175 626 4259 κροερῇσι
649 4172 843 4256 δαϊζομένοος
865 4165 1017 4256 ὀδύνῃσιν.

48 4294 127 4372 quod
149 4293 325 4358 Gronovius
347 4293 437 4358 dedit
458 4293 600 4366 ἐπακτοῖς
616 4292 730 4356 Antius
752 4296 785 4354 in
808 4287 857 4355 ἐπ’
878 4286 981 4364 ἀκταῖς
1004 4293 1148 4354 mutarit.
1196 4294 1227 4353 in

49 4413 104 4474 quo
126 4398 302 4480 Xooothus
324 4398 402 4459 mihi
425 4396 553 4460 videtur
575 4401 645 4460 iure
668 4414 731 4460 non
754 4394 956 4476 adquievisse
979 4393 1036 4457 sed
1054 4395 1228 4474 piratarum

48 4501 355 4563 conmemorationem
378 4501 584 4581 quaesivisse.
633 4516 849 4578 rerumquae
877 4497 1016 4578 protulit,
1051 4490 1153 4567 ύλοαῖς
1176 4489 1223 4559 ‘ort’
