3252 5130
570 426 786 488 Comercium.
833 440 834 443 ’

398 613 432 678 σὲ
453 610 502 679 τόν
526 609 646 680 θανόντ’
671 604 775 678 οὔποτ’
801 612 862 698 ἐρᾷ

396 719 549 804 προδοῦσα
571 723 654 804 ψυχᾷ
676 711 753 781 κατὰ
775 719 842 802 γᾶς.

398 818 452 887 ’ίτυι
473 823 533 907 πῦρ
554 816 647 906 γάμοι
667 841 717 886 τε·

401 924 495 988 ίθεῖαί
515 947 591 996 τινες
613 918 698 990 εόναί

336 1029 374 1089 lh
399 1025 522 1092 δικαίων
545 1021 694 1111 ὑμεναίων
717 1026 760 1091 εἰν
777 1019 878 1113 Ἄργει

400 1131 545 1216 ρανοῦσιν
567 1129 680 1202 τέκνοις
701 1123 783 1202 όσιός
806 1124 838 1194 θ’
924 1193 926 1196 ,
1034 1208 1036 1217 Ι

399 1225 481 1305 όσιος
502 1227 620 1304 εὐναῖος
641 1233 773 1318 γαμέτας

399 1333 578 1422 συντηχθεὶς
600 1327 707 1422 αὔραις
730 1328 852 1407 ἀδόλοις

399 1438 536 1524 γενναίας
559 1434 665 1526 άλόχιρ
688 1427 807 1525 ψυχάς.1

87 1597 161 1658 satis
191 1596 252 1657 erit
282 1595 306 1656 si
337 1594 377 1656 de
407 1596 453 1657 eis
481 1593 624 1657 breviter
652 1594 763 1656 dixero
795 1613 877 1676 quae
901 1613 981 1655 nova
1005 1593 1174 1675 protulisse
1197 1597 1302 1658 mitit

88 1698 217 1775 videor,
249 1699 355 1777 itaque
383 1699 531 1778 strophae
554 1699 623 1759 ul
647 1696 721 1759 libri
752 1697 870 1758 habent
898 1691 1032 1780 λαμπάδ’
1065 1693 1106 1759 ἵν’
1140 1691 1277 1762 ὠκυθόαι

88 1796 214 1886 νόρραι.
261 1801 367 1882 priora
390 1799 488 1862 verba
510 1801 584 1862 olim
607 1800 790 1862 emendavit
813 1801 1031 1884 llermannus,
1056 1819 1120 1862 non
1144 1800 1221 1863 felix
1244 1804 1277 1864 in

86 1907 197 1967 ultimo
220 1923 326 1984 neque
349 1912 455 1984 postea
478 1903 675 1984 probabilius
697 1903 758 1964 alia
781 1903 988 1983 periclitatus
1035 1897 1140 1988 λάρπορ
1163 1905 1277 1967 Cante-

87 2028 141 2070 rus
172 2017 205 2070 et
234 2009 436 2069 Hermaunus
465 2005 618 2089 Aeschylo
646 2006 860 2069 Eumenidum
882 2026 914 2067 v.
933 2007 994 2067 379
1017 2016 1048 2068 et
1072 2008 1153 2068 1022
1183 2007 1278 2068 resti-

87 2120 228 2173 tuerunt.
276 2108 316 2171 de
343 2112 430 2172 Luna
459 2113 621 2190 equitante
652 2107 733 2171 dixit
762 2109 835 2170 olim
865 2108 1060 2172 Gerhardius
1095 2109 1202 2190 (Ueher
1230 2110 1278 2172 dic

87 2212 316 2296 lichtpottltcitcn
339 2231 396 2274 ons
418 2211 649 2289 luostwerlreo,
681 2213 749 2273 Ges.
775 2209 825 2272 alr.
851 2211 919 2273 ohh.
945 2221 967 2274 t.
987 2232 997 2273 1
1021 2233 1052 2294 p.
1074 2213 1160 2294 tlt).
1209 2216 1277 2276 v.ti

88 2315 161 2378 libri
186 2314 268 2377 nihil
291 2316 351 2376 nisi
374 2308 462 2398 ἡνίκα
483 2312 600 2400 γάμων,
626 2335 657 2376 v.
678 2316 715 2376 tt
741 2315 816 2377 libri
838 2317 1079 2401 χαλκεοτευχοῦς
1101 2339 1144 2379 τε.
1192 2318 1279 2398 quod
1333 2325 1335 2333 '

88 2417 162 2480 dedi
180 2420 383 2480 llermaunus
406 2417 532 2481 cuidam
552 2418 677 2480 fabulae
693 2418 866 2498 exemplari
883 2418 1063 2499 adscripsit.
1096 2439 1126 2480 v.
1149 2420 1182 2480 tt
1204 2419 1277 2481 libri

85 2521 250 2606 προσέβαν,
274 2519 360 2600 quod
384 2520 461 2582 ferri
484 2521 570 2584 nullo
593 2520 685 2583 modo
708 2530 821 2602 potest.
869 2522 1057 2602 antistrophi
1073 2541 1105 2582 v.
1125 2525 1178 2584 3s.
1202 2522 1278 2585 libri

87 2618 167 2692 άλλά
198 2626 251 2706 τῆς
279 2618 414 2694 εὐκλείας
443 2618 562 2709 χάρισιν
592 2624 645 2685 vel
674 2616 776 2707 χάριν.
828 2622 1080 2685 emendationem
1110 2624 1280 2706 adscripsit

87 2729 301 2789 llerrnaunus.
334 2729 611 2808 interrumpuntur
626 2725 752 2788 numeri
769 2727 801 2786 iu
817 2729 956 2806 stropha.
997 2746 1026 2787 v.
1047 2731 1065 2787 6
1082 2725 1157 2788 libri
1173 2722 1276 2812 πυρός.

87 2851 117 2892 ν.
138 2833 177 2893 ll
204 2829 279 2891 libri
308 2823 384 2892 είθε.
432 2850 472 2892 ex
502 2850 564 2911 quo
596 2829 690 2893 ίθεῖαι
716 2828 787 2890 leci.
836 2829 868 2888 iu
894 2826 1040 2910 Aeschyli
1072 2829 1280 2910 Supplioibus

89 2953 120 2995 v.
141 2934 182 2994 79
202 2935 404 3012 Hermannus
426 2929 506 3017 ίθείη
530 2953 570 2994 ex
593 2932 620 2996 εί
642 2929 709 3014 θείη
726 2931 845 2993 elicuit.
892 2933 1009 3012 scripta
1025 2943 1100 2994 sunt
1114 2933 1200 3013 apud
1216 2935 1280 2995 lle-

87 3038 235 3118 sychium
265 3033 363 3098 είθεῖα
392 3028 459 3098 είθό
488 3028 627 3099 είθόοντα
656 3029 848 3117 είθυνόμενον
878 3032 1058 3098 είθυπτίοινα
1081 3029 1275 3121 είθόφαλλον,

88 3142 119 3201 in
144 3138 228 3200 libro
251 3139 388 3200 Palatino
410 3137 616 3220 Anthologiae
633 3159 662 3200 u
678 3137 774 3201 tort
800 3135 932 3220 είθείης,
958 3139 990 3198 iu
1013 3137 1171 3200 Glossario
1195 3141 1280 3220 quod

86 3241 209 3304 dicitur
232 3241 402 3322 Cyrilliano
425 3233 535 3304 είθόνιο
560 3261 644 3326 repo,
671 3242 781 3324 diripe.
828 3261 860 3302 v.
882 3242 919 3301 lb
944 3240 1017 3302 libri
1041 3244 1188 3326 φανῶσιν.
1229 3245 1280 3304 in-

87 3347 292 3408 transitivum
327 3343 444 3429 ραίνειν
478 3333 595 3424 legitur
624 3346 657 3404 in
686 3343 850 3424 Sophoclis
878 3342 1034 3425 Antigona
1057 3365 1087 3406 v.
1110 3347 1210 3428 l078‚
1247 3348 1280 3408 in

88 3447 255 3530 Euripidis
278 3446 402 3508 Electra
426 3467 456 3508 v.
478 3447 570 3508 tnta.
597 3467 709 3509 versus
732 3449 897 3532 φανοῦνται
921 3447 1111 3527 recipiebat:
1145 3448 1279 3529 quodsi

87 3553 235 3636 ρανοῦσιν
251 3549 422 3631 Euripides
445 3551 582 3630 scripsit,
608 3549 796 3630 praetulisse
820 3533 981 3630 putandus
1004 3561 1052 3612 est
1074 3551 1281 3630 quodminus

86 3656 200 3716 tritum
232 3663 326 3714 esset.
373 3655 405 3714 in
437 3651 499 3714 line
528 3672 642 3715 versus
671 3647 699 3714 δ’
731 3655 765 3714 in
790 3646 818 3714 θ’
848 3672 916 3714 esse
946 3653 1131 3715 mutandum
1156 3655 1278 3716 censui.

89 3778 117 3818 v.
141 3756 182 3818 l'l
206 3747 288 3826 όσιος
311 3755 425 3817 adieci.

177 3893 295 3956 CXXV.
321 3894 356 3953 ln
380 3891 503 3955 eisdem
522 3892 686 3975 Euripidis
701 3892 908 3974 Supplicihus
931 3894 1009 3958 haee
1032 3895 1183 3975 leguntur
1205 3893 1281 3956 iude

89 4017 106 4059 a
129 4017 229 4060 versu
248 3997 341 4074 l089,

298 4115 325 4180 εἰ
349 4110 376 4178 θ’
404 4115 447 4187 είς
468 4105 533 4180 τόδ’
554 4106 649 4200 ἦλθον
673 4109 893 4200 κάξεπειράθην
916 4115 1025 4179 τέκνων

299 4215 361 4282 οἷον
385 4217 544 4304 στέρεσθαι
565 4218 680 4302 πατέρα
701 4217 835 4302 γίγνεται
856 4218 978 4296 τέκνοιν,

298 4317 353 4386 odit
376 4313 413 4386 άν
435 4316 501 4386 ποτ’
528 4321 571 4394 είς
593 4317 654 4386 τόθ’
680 4312 777 4405 ἦλθον
800 4321 842 4392 είς
862 4311 880 4384 ό
904 4323 955 4385 νόν
978 4316 1083 4401 κακόν,

298 4417 377 4498 όστις
400 4419 549 4511 φυτεύσας
571 4419 621 4488 καί
643 4422 764 4487 νεανίαν
786 4421 881 4486 τεκών

299 4519 418 4613 ἄριστον
442 4525 507 4592 εἶτα
528 4529 615 4592 τοῦδε
636 4531 687 4591 νῦν
711 4525 917 4611 στερίσκομαι.

139 4645 267 4698 Ηεαρίίί
285 4645 400 4697 Ορυεααλα
414 4645 453 4686 lll.
1040 4649 1072 4700 39
