3178 5136
364 355 437 428 504
757 371 801 432 Ex
823 389 920 433 uren
941 373 1148 434 Bsaocrssssr.

361 557 496 620 habeant
518 577 637 621 caseum
661 559 758 621 tritico
781 566 809 621 et
829 559 904 621 sole.
950 558 1069 622 sedne
1092 577 1216 621 mcum
1243 556 1370 638 quidem
1391 552 1459 617 illud
1476 554 1510 614 sel

359 661 435 722 ierri
458 671 571 742 potest.
618 661 783 725 meniiesto
804 661 1009 726 scribendum
1038 673 1087 724 est
1113 668 1141 723 et
1162 679 1244 722 nunc
1261 659 1385 741 porouit
1404 658 1510 718 tritinm

359 783 450 826 vesco
472 765 555 826 sote:
585 783 679 844 quam
708 763 961 828 emendationem
991 764 1081 827 video
1110 781 1279 844 occupasse
1302 760 1463 823 Bentleium
1487 760 1511 819 in

361 867 494 929 Lucretii
519 867 621 928 1327.

444 968 626 1032 Difficiliora
647 980 722 1033 sunt
744 989 824 1050 quae
847 989 879 1032 v.
905 970 996 1032 tiss.
1021 969 1181 1050 leguntur.

563 1071 617 1134 hoc
638 1075 668 1135 si
687 1075 880 1154 impetratum
902 1089 1013 1134 munus
1035 1070 1089 1134 ahs
1112 1079 1139 1134 te
1161 1089 1313 1152 accepero,

604 1178 694 1257 prior
715 1175 811 1238 colere
832 1193 923 1257 onom
947 1176 1053 1251 Ceres‚·

568 1278 765 1359 Triptolemon
788 1278 869 1356 otim,
894 1281 959 1341 sive
979 1277 1092 1340 medem
1114 1283 1224 1338 vocent

607 1389 662 1444 out
686 1381 857 1442 licilianum
884 1369 1050 1464 limypcn,¹

565 1490 615 1545 tuo
638 1483 738 1547 locabo
757 1481 983 1564 posp‘erendum
1005 1483 1138 1545 nomini:

605 1603 678 1647 nom
700 1603 810 1648 munus
832 1585 885 1648 hoc
904 1585 955 1666 fiet
975 1593 1071 1648 mum.

357 1689 488 1750 Vinctus
510 1707 606 1750 versu
627 1689 719 1749 tertio
742 1689 775 1749 in
790 1687 882 1751 libris
896 1688 1010 1750 medem
1032 1688 1153 1750 invenit
1168 1688 1220 1750 vel
1234 1687 1339 1748 meilen
1355 1686 1405 1748 vel
1419 1685 1513 1758 medon,

357 1790 561 1854 scribendum
584 1801 689 1853 autem
712 1809 781 1852 esse
804 1791 1008 1872 Epimenidem
1029 1810 1064 1853 se
1086 1790 1232 1854 edoctum
1255 1789 1334 1851 dicit
1354 1787 1395 1850 ah
1411 1785 1514 1848 hndrca

358 1895 500 1968 Schotto‚
533 1894 587 1974 qui
616 1901 776 1956 auctorem
806 1893 901 1956 huius
931 1895 1128 1956 coniecturae
1163 1893 1310 1954 citaverit
1337 1890 1513 1972 hesychium,

358 1990 529 2080 Βουζύγης,
554 1987 636 2081 ἥρως
654 1988 798 2076 Ἀττικός,
831 1990 848 2060 ὃ
874 1995 928 2078 (ita
957 1999 1119 2060 Musurus:
1151 1994 1234 2056 liber
1261 1987 1292 2077 ἢ)
1324 1995 1438 2078 πρῶτος
1463 1991 1514 2076 βοῦν

357 2093 414 2163 tet
443 2089 567 2184 ἄροτρον
595 2092 709 2169 ζεύξας.
755 2098 929 2163 ἐπεκαλεῖτο
965 2099 1108 2180 (ἐκαλεῖτε
1137 2097 1321 2178 Hesychius)
1357 2093 1390 2160 di
1411 2090 1515 2176 ’Empu-

357 2199 449 2284 νίδης.
496 2200 614 2265 deinde
636 2201 724 2264 addit
739 2203 864 2264 hosium
880 2203 1076 2264 Lemovicum
1099 2199 1161 2263 sibi
1183 2199 1360 2262 ostendisse
1381 2200 1516 2280 fragmen·

357 2314 423 2367 tum
452 2305 747 2366 commentariorum
777 2306 810 2365 in
833 2305 1007 2385 Vergilium
1035 2323 1117 2385 quae
1146 2304 1180 2364 in
1208 2322 1338 2365 versum
1368 2301 1517 2365 undedec-

357 2408 472 2468 simum
493 2407 588 2486 primi
610 2406 783 2488 Georgicon
806 2407 884 2469 haec
908 2407 1094 2485 habuerint,
1126 2425 1196 2489 erpo
1220 2407 1321 2468 Osiris
1339 2407 1513 2488 sipontum.

356 2517 391 2572 ut
414 2509 658 2590 Philostephanus
678 2505 747 2593 περὶ
770 2501 955 2594 εὑρημάτων,
982 2509 1030 2572 vel
1051 2508 1251 2589 Epimenides,
1276 2509 1330 2590 qooi
1349 2515 1448 2590 posteo
1466 2507 1516 2566 Bn-

1572 479 1574 608 l

1572 1521 1574 1680 l

1572 1777 1574 1860 l

357 2631 447 2695 sypes
479 2613 576 2674 dictus
609 2619 653 2674 est
689 2613 852 2674 nectendum
887 2609 1084 2704 Aristotelem.
1137 2611 1285 2674 schottus
1319 2609 1360 2672 de
1395 2610 1445 2671 illa
1474 2625 1516 2668 sue
1572 2603 1573 2646 ἒ

357 2716 536 2778 coniectura
564 2715 632 2794 ipse
661 2713 741 2775 dixit
770 2713 846 2775 Ohs.
878 2715 965 2776 hum.
990 2734 1007 2774 v
1031 2715 1082 2775 te.
1129 2713 1219 2775 latuit
1252 2722 1359 2774 eutem
1385 2723 1452 2774 ante
1473 2713 1518 2770 to

357 2817 505 2879 heckium
540 2815 610 2897 Agl.
641 2837 673 2897 p.
697 2817 758 2878 209
792 2816 935 2879 eiusdem
964 2815 1163 2898 Epimenidis
1198 2817 1317 2878 mentio
1355 2818 1389 2876 in
1424 2813 1518 2876 scholio

358 2921 533 2982 victoriano
556 2921 590 2981 in
611 2918 719 2980 lliadis
740 2937 815 2981 xvur
831 2920 904 2996 tta,
930 2914 981 2982 καὶ
1003 2911 1126 3004 ἄροτρον
1150 2916 1322 3004 diophane
1345 2917 1407 2981 insi
1432 2917 1517 2996 (Eleu-

357 3021 436 3099 sine)
472 3017 617 3092 Μαίνιδος
646 3014 662 3084 ὃ
688 3017 739 3084 καὶ
766 3016 922 3105 Βουζύγης
950 3019 1078 3092 ἔζευξεν.
1124 3023 1282 3084 Simeonis
1311 3023 1411 3098 Bosii,
1442 3035 1516 3098 men

357 3123 541 3187 mendacem
572 3121 668 3186 luisse
698 3125 856 3186 hominem
886 3125 963 3186 alies
992 3125 1084 3187 docui
1117 3125 1320 3205 (quamquam
1351 3125 1434 3185 nolui
1458 3137 1516 3182 sane

358 3236 420 3288 tam
444 3225 597 3288 ridiculus
619 3246 687 3288 esse
710 3236 745 3288 ut
767 3226 916 3289 adderem
931 3247 1004 3290 eum
1027 3229 1250 3289 ementitorum
1266 3225 1418 3288 librorum
1436 3223 1517 3286 scelus

357 3339 455 3391 morte
478 3329 574 3390 luisse
596 3349 613 3391 a
636 3329 812 3392 latronibus
841 3330 1062 3412 trucidatum),
1093 3330 1176 3392 Bosii
1205 3330 1303 3410 igitur
1334 3331 1385 3390 hic
1409 3325 1516 3408 quiden

358 3431 444 3493 nulla
474 3430 533 3493 luit
562 3430 665 3494 lreus:
698 3451 769 3494 nam
799 3430 948 3512 leguntur
977 3434 1028 3493 illa
1061 3434 1092 3494 in
1122 3433 1357 3494 commentariis
1379 3427 1516 3494 senionis
1571 3473 1572 3508 p

360 3543 465 3614 postea
487 3552 504 3594 a
527 3535 616 3595 Petro
638 3534 767 3596 Daniele
790 3535 895 3597 editis.
928 3535 1005 3598 dicit
1026 3544 1133 3597 autem
1155 3533 1265 3598 Daniel
1289 3537 1322 3597 in
1346 3533 1516 3615 praelatione

357 3655 392 3698 se
414 3656 507 3698 usum
529 3655 599 3698 esse
623 3635 729 3698 codiee
753 3639 965 3699 Lemovicensi
995 3640 1027 3699 in
1053 3647 1176 3718 septem
1198 3639 1391 3717 posteriores
1411 3635 1516 3712 licloges

356 3748 388 3801 et
410 3737 632 3819 Georgicorum
656 3737 774 3802 librum
796 3743 935 3820 primum
956 3759 1058 3820 usque
1081 3738 1121 3801 ed
1137 3759 1265 3801 versum
1288 3739 1515 3802 ducentesimum

357 3841 623 3922 septuagesimum
656 3850 816 3903 octavum:
856 3861 951 3922 quem
989 3841 1129 3905 codicem
1163 3861 1225 3904 uon
1259 3853 1365 3922 potest
1400 3837 1514 3905 dubitari

357 3944 454 4006 luisse
477 3942 609 4005 schedas
632 3944 700 4005 illes
722 3961 802 4023 ques
823 3946 933 4007 Bosius
955 3946 1066 4008 Vineto
1095 3944 1290 4008 ostenderat.
1337 3941 1514 4027 Epimenm

357 4046 390 4107 in
418 4063 546 4107 carmen
573 4043 702 4107 Ausonii
731 4045 903 4109 admissum
933 4058 982 4110 est
1011 4049 1080 4110 iure
1108 4066 1170 4109 non
1200 4067 1332 4128 prorsus
1354 4057 1452 4110 certo:
1481 4041 1514 4103 rei

358 4147 442 4208 enim
465 4149 628 4226 convenit,
661 4167 678 4210 a
708 4148 821 4210 litteris
849 4160 955 4212 autem
985 4149 1138 4214 librorum
1167 4151 1281 4212 nwdem
1310 4149 1412 4212 moden
1432 4147 1513 4209 mmor

358 4249 490 4310 multum
513 4248 619 4311 distat.
666 4250 723 4312 sed
744 4253 872 4314 nomina
894 4271 970 4314 sene
993 4271 1010 4314 a
1035 4251 1174 4315 librariis
1204 4251 1288 4316 haud
1318 4271 1385 4315 roro
1408 4247 1514 4312 mirehi·
1570 4253 1571 4304 ξ

357 4349 431 4411 liter
453 4349 623 4430 depravata
639 4363 723 4432 sunt,
749 4353 927 4434 quidquod
951 4355 1055 4436 ipsum
1078 4355 1157 4418 illud
1170 4349 1359 4439 Ἐπιμενίδης
1374 4356 1407 4418 in
1421 4350 1514 4443 scholio
1570 4365 1571 4434 g

357 4451 518 4514 Homerico
541 4455 574 4514 in
590 4447 736 4526 Μαίνιδος
751 4467 903 4520 mutatum
926 4469 986 4532 est,
1011 4477 1203 4540 quamquem
1226 4457 1272 4520 ihi
1287 4458 1351 4522 insi
1364 4453 1511 4539 praecedit·
