3182 5132
554 396 724 462 Aaronom.
1158 384 1231 458 387

63 575 189 650 ωιιιιιιιεΙ
210 589 325 671 γνῶναι
347 586 415 650 δέον
438 589 583 669 scripsit:
609 587 684 651 libri
706 591 820 672 γνῶναι
842 585 875 652 δὲ
897 580 942 666 ὃς,
966 592 1027 652 nisi
1048 589 1133 670 quod
1152 603 1294 652 nnusaas

61 692 161 772 γνῶναι
189 687 279 774 δέοοη
302 690 410 752 habet.
458 691 634 754 rectissima
657 709 732 754 vero
754 692 911 756 Nauolrius
934 693 1061 774 negavit
1083 692 1236 755 emenda-

61 803 118 854 tum
145 813 213 856 esse
243 795 329 856 hune
351 813 492 857 versum.
540 803 789 876 potestantem,
823 795 885 858 nisi
907 793 1008 876 lallor,
1034 795 1116 858 laoili
1139 815 1236 878 opera

60 896 219 960 emendari.
266 897 474 962 scribendum
497 898 581 960 enim

262 1004 376 1084 γνῶναι
398 995 488 1073 {leode
510 999 663 1085 θνητοῖσιν
685 1001 827 1087 ἐξευρεῖν,
851 993 932 1073 ’ὅπως
955 1013 1014 1066 etc.

60 1107 109 1166 noc
134 1104 268 1184 dieitur,
301 1113 364 1168 tum
386 1106 461 1168 milti
481 1105 602 1168 uidetur
621 1106 760 1187 prudens
783 1107 894 1188 aliquis
917 1115 944 1168 et
966 1113 1089 1188 sopiens
1112 1111 1162 1168 vir
1184 1108 1237 1170 de-

58 1210 178 1272 crevisse
198 1210 270 1272 deor
292 1209 462 1272 dominibus
485 1210 670 1292 excopitore,
696 1217 728 1272 ot
751 1217 828 1274 osset
842 1211 964 1292 aliquod
980 1212 1158 1273 terrioulum
1173 1229 1238 1272 soe-

60 1313 243 1374 tonnellam
265 1314 296 1375 si
316 1313 395 1376 olom
418 1313 534 1394 aliquid
553 1311 692 1392 facerent
715 1320 769 1374 out
790 1312 924 1375 dicerent
946 1320 1001 1375 out
1022 1311 1234 1395 oopr'toreot*).

60 1435 114 1476 non
135 1414 234 1480 obstat
258 1416 333 1477 huio
355 1434 450 1496 quam
473 1425 597 1496 poetam
615 1415 728 1478 lenisse
743 1425 820 1497 puto
835 1415 966 1479 da'orum
984 1418 1136 1478 mentioni
1154 1416 1238 1496 quod

61 1519 96 1578 ita
116 1521 228 1600 pergit,
253 1518 392 1582 ἐντεῦθεν
415 1507 523 1582 οὖντὸ
546 1517 628 1581 {laios
652 1512 850 1603 εἰσηγησατοῑ
880 1538 951 1580 narn
976 1518 1019 1579 ihi
1036 1519 1173 1600 amplius
1188 1520 1240 1578 in-

59 1632 179 1684 ventum
203 1620 282 1686 illud
304 1624 523 1704 persequitur.
570 1641 643 1684 mox
664 1631 771 1684 autem
794 1642 856 1684 non
873 1621 979 1702 deum,
1006 1620 1064 1684 sed
1081 1621 1156 1684 deos
1171 1641 1240 1684 me-

59 1733 160 1788 morat.
205 1735 316 1807 postea
338 1727 416 1788 haeo
438 1725 600 1804 dicuntur,

459 1821 567 1892 τοιίσδε
588 1822 658 1900 τοῶς
681 1821 788 1911 λόγους
810 1826 906 1912 λέγων

275 1925 465 2015 διδαγμάτων
488 1923 609 2015 ἥδιστον
632 1925 826 2016 εἰσηγήσατο,

276 2034 380 2120 ψευδεῖ
402 2029 540 2120 καλύψας
562 2030 615 2119 τὴν
639 2028 789 2119 ἀληθειαν
812 2029 905 2121 λόγῳ.

59 2141 84 2200 in
112 2140 161 2202 his
189 2131 411 2222 ἥδιστονωίίιί
435 2140 556 2220 pariter
578 2159 614 2202 ao
636 2140 774 2202 Nauolrio
798 2159 859 2204 non
884 2139 1012 2202 videtur
1035 2139 1112 2202 lerri
1136 2161 1237 2222 posse.

57 2243 225 2322 suspicatur
247 2241 455 2306 scribendum
480 2262 549 2304 esse
572 2241 737 2328 κέρδιστον.
785 2263 847 2306 non
871 2244 977 2307 minus
991 2254 1100 2325 aptum
1117 2255 1165 2306 est
1181 2239 1239 2306 κί-

57 2345 158 2421 διστον,
182 2345 268 2426 quod
291 2348 464 2408 mutatione
488 2346 593 2426 paullo
616 2349 711 2418 etiam
735 2346 855 2408 leniore
878 2347 1025 2408 elfioitur.

132 2450 219 2510 LVll.
245 2450 279 2510 ln
297 2449 471 2512 illustrium
487 2450 605 2512 Christi
621 2459 795 2532 martyrum
812 2450 901 2512 lectis
922 2451 1093 2530 triumphis
1108 2471 1124 2512 a
1142 2452 1240 2512 liran-

59 2554 130 2614 oisoo
147 2549 333 2616 Combelisio
351 2553 478 2616 Parisiis
501 2571 583 2614 anno
599 2572 679 2614 untx
702 2552 797 2614 editis
813 2554 962 2632 leguntur
977 2561 1044 2614 aeta
1061 2563 1240 2616 sanctorum

58 2655 212 2718 Philoromi
241 2666 272 2716 et
296 2657 438 2735 Phileae‚
471 2675 553 2737 quae
578 2657 662 2717 inter
684 2657 745 2717 alia
769 2667 900 2718 narrant
923 2656 962 2718 de
987 2655 1199 2737 disputatione
1222 2675 1239 2716 a

58 2760 221 2822 Philoromo
235 2757 448 2822 Alexandriae
471 2779 544 2822 eum
567 2760 727 2840 praelecto
743 2757 878 2840 Aegypti
900 2758 1018 2820 habita.
1066 2779 1105 2820 ox
1121 2779 1157 2820 ea
1173 2758 1240 2820 dis-

58 2865 220 2941 putatione,
247 2881 330 2950 quae
354 2873 481 2924 tenuem
506 2871 651 2926 veterum
675 2865 855 2925 litterarum
874 2863 1064 2924 Graecarum
1089 2863 1240 2942 cognitio-

57 2985 120 3030 nem
142 2977 290 3044 ostentat,
316 2965 568 3028 memorabilium
593 2967 762 3048 prolaram.

134 3073 204 3150 Pag.
226 3069 286 3131 ⁴77
311 3070 506 3132 Philoromus
529 3071 608 3132 haee
631 3069 723 3146 dicit,
749 3064 781 3133 τὸ
805 3064 910 3132 δὲκαὶ
934 3069 975 3141 εἰς
999 3068 1137 3132 δουλείαν
1161 3069 1241 3154 θνη-

57 3177 107 3234 τῶν
132 3177 326 3256 καταγνῶναι
347 3173 426 3236 ίλεῶν
451 3173 542 3236 διπλᾶ
566 3173 646 3236 θεῶν
670 3166 862 3258 ἀτυχήματα.
903 3164 1048 3256 Ἄδμητος
1070 3167 1127 3259 γάρ
1151 3197 1241 3259 φησιν

58 3272 166 3361 ἐκράτει
187 3275 287 3363 φέρων
310 3273 362 3339 καί
385 3273 516 3340 Πυδεῖον
539 3273 605 3363 εἶχε
629 3270 827 3342 δουλεύοντα·

201 3379 309 3466 Φοῖβε,
336 3375 371 3444 σύ
395 3375 424 3444 δ’
453 3379 606 3452 εἰλίποδας
628 3380 730 3452 ἕλικας
753 3380 823 3465 βοῦς
846 3379 1058 3465 βουκολέεσκες

195 3475 278 3569 Ἴδης
301 3483 333 3547 ἐν
355 3483 497 3568 κνημοῖσι
518 3478 710 3570 πολυπτύχου
733 3476 894 3568 ὑληέσσης.

59 3587 180 3667 adparet
208 3586 414 3650 scribendum
446 3607 515 3650 esse
540 3577 685 3672 Ἄδμητος
714 3581 772 3672 γάρ
802 3581 1036 3674 φασιν’ἐκροίτει
1058 3587 1165 3672 Φερῶν
1189 3587 1240 3651 καί

61 3685 163 3753 Πύθιον
190 3689 257 3776 εἶχε
287 3685 478 3754 δουλεύοντα.
526 3693 706 3754 Homericos
737 3711 848 3754 versus
884 3691 927 3772 (ll.
948 3711 994 3752 mr
1013 3693 1145 3772 ttae),
1178 3693 1238 3754 nisi

59 3793 168 3873 aliquid
196 3793 335 3874 excidit,
366 3797 503 3877 scriptor
532 3795 722 3857 narrationis
749 3794 790 3856 ad
812 3791 991 3876 Apollinem
1015 3793 1147 3856 Admeto
1170 3815 1239 3856 ser-

61 3897 186 3960 vientem
209 3909 332 3961 temere
356 3899 489 3960 rettulit.

137 4002 203 4082 Pag.
224 4001 284 4061 ⁴80
310 3999 455 4062 eiusdem
472 4002 639 4063 Philoromi
662 4001 740 4064 haao
755 4010 829 4062 sunt
844 4000 954 4078 verba,
980 3994 1050 4064 οὐδὲ
1065 3997 1122 4086 γὰρ
1138 3991 1238 4073 ἄλλως

60 4095 104 4181 τὴν
126 4096 231 4188 ἀρετὴν
252 4097 292 4166 ἵν’
319 4102 354 4166 ἐκ
375 4107 428 4186 τῆς
443 4097 530 4187 ἡμῶν
554 4099 606 4167 καί
626 4098 697 4189 παρ’
719 4098 817 4167 αὐτῶν
834 4101 955 4167 ἐκείνων
971 4107 1029 4166 τῶν
1046 4097 1128 4188 ὐμῶν
1143 4128 1237 4188 ποιη·

61 4206 110 4265 τῶν
131 4200 339 4290 ἐπεγνώκαμεν
363 4201 433 4272 ἀλλ’
460 4199 479 4292 ἢ
505 4203 555 4272 διὰ
576 4199 677 4271 πίνων
699 4209 819 4270 πολλῶν
842 4201 894 4269 καί
909 4205 1054 4270 πλείστων
1070 4203 1234 4274 κολάσεων.

63 4304 179 4396 καὶγὰρ
201 4305 279 4376 κατὰ
299 4305 350 4376 τὸν
373 4305 424 4376 σὸν
442 4304 582 4375 Ἡσίοδον
606 4305 657 4374 καί
679 4303 854 4396 Σωκράτην,
887 4304 929 4382 ὡς
952 4308 1080 4395 ἔφημεν,
1110 4306 1239 4398 τραχεῖά

139 4531 161 4598 *t
183 4533 365 4602 [Praeceptum
382 4539 585 4590 emendationem
602 4551 658 4590 erra
675 4539 707 4588 ot
726 4537 900 4588 Hawardaoo
920 4543 1002 4588 osona
1021 4537 1096 4588 Aoot.
1111 4533 1198 4602 oxu.)
