3182 5132
366 402 439 475 456
762 418 806 478 Ει
828 435 925 480 nnana
948 417 1156 480 Βιιιοιιιιιιει.

361 609 404 668 ita
426 615 518 668 antea
542 607 664 668 locutus
687 615 754 684 est,
786 607 838 670 hic
868 605 949 669 dixit
976 613 1019 669 tot
1050 605 1218 684 annualia,
1256 606 1335 669 nulli
1360 625 1425 668 cum
1446 607 1524 668 altem

359 709 506 771 convenit.
543 719 710 791 postquam
735 727 905 791 perperam
935 712 1090 791 scriptum
1120 719 1167 771 est
1193 709 1312 772 nullius
1333 709 1457 772 accessit
1479 707 1524 769 alr

359 811 492 875 surdum
515 812 595 874 illud
618 813 804 896 arapnitudo.

445 915 531 978 Idem
555 916 675 978 Seneca
698 915 738 978 de
760 913 927 980 beneficiis
943 935 952 977 ι
968 917 1023 977 93
1049 919 1185 979 νιιιιιειιι
1208 914 1393 977 indueramus
1412 933 1447 976 ac
1467 915 1526 974 uiali

359 1020 454 1080 aroris
476 1026 504 1079 et
526 1020 605 1080 iuter
626 1027 785 1082 matronas
807 1018 1011 1081 abominanda
1034 1019 1168 1082 condicio
1190 1027 1235 1082 est
1255 1020 1372 1101 siquis
1393 1019 1523 1100 ooniupeu

358 1140 448 1184 suam
471 1123 503 1183 in
525 1121 601 1184 sella
621 1129 764 1204 prostare
787 1124 882 1184 vetuit
900 1131 931 1185 et
951 1124 1041 1206 culpo
1068 1122 1214 1184 adarissis
1242 1120 1454 1203 inspectoribus
1473 1119 1526 1180 reli

354 1225 551 1306 perspicuam
574 1225 717 1306 undique.
766 1225 798 1286 in
820 1223 902 1287 libro
918 1225 1089 1288 Nazariano
1111 1245 1128 1287 a
1153 1227 1254 1306 prima
1278 1243 1373 1285 manu
1394 1225 1523 1303 scriptun

358 1335 408 1388 est
429 1326 634 1389 abominanda
649 1328 789 1404 conditio,
814 1328 912 1391 altera
930 1329 1004 1391 inde
1021 1328 1095 1390 leeit
1118 1327 1342 1389 abominandae
1356 1325 1520 1388 muddionis.

358 1430 444 1510 quod
466 1431 521 1511 qui
544 1432 673 1512 scripsit
689 1431 721 1492 in
745 1439 863 1494 motata
886 1432 1037 1494 orationis
1062 1431 1159 1493 lorma
1189 1433 1258 1494 iure
1287 1431 1405 1506 haesit,
1430 1428 1525 1510 proba-

357 1531 454 1594 bilem
477 1535 667 1596 sententiam
691 1551 754 1595 non
777 1535 892 1596 effecit.
927 1552 1031 1616 neque
1053 1533 1215 1598 Bentleius
1237 1543 1326 1597 recte
1348 1533 1462 1614 puterrit
1475 1549 1523 1592 non

357 1636 445 1699 nulla
475 1635 643 1699 excidisse.
690 1637 817 1718 scripsit
848 1639 933 1699 enim
968 1639 1087 1700 Seneca
1120 1640 1256 1700 rusticus
1289 1637 1466 1698 inlummnrs
1496 1655 1524 1694 ar

357 1740 433 1800 mali
454 1741 548 1801 moris
570 1749 599 1802 et
621 1741 700 1802 inter
721 1749 880 1803 matronas
902 1739 1134 1804 abominandus
1157 1741 1297 1804 convicio
1319 1749 1373 1802 est.
1411 1737 1521 1820 quadrat

357 1841 442 1923 quad
472 1844 577 1904 statim
606 1842 735 1906 additur
767 1845 797 1906 si
824 1846 893 1925 puis
920 1844 1009 1907 nulla
1036 1861 1068 1908 se
1097 1845 1197 1907 amica
1222 1843 1296 1925 fecit
1323 1845 1463 1926 insipmru
1482 1859 1524 1900 uer

356 1945 477 2007 alienae
500 1946 597 2008 armori
617 1965 756 2007 annuum
775 1955 925 2028 praestat,
956 1947 1036 2010 launo
1065 1957 1224 2010 mamonae
1250 1947 1393 2009 hamilem
1421 1955 1446 2006 et
1471 1963 1524 2006 sor-

356 2153 515 2232 gantiores
538 2153 680 2215 scribere
703 2155 877 2232 convitium,
904 2171 1008 2234 neque
1035 2153 1207 2216 defuerunt
1230 2154 1287 2234 qui
1310 2155 1392 2215 hanc
1412 2151 1521 2213 forman

355 2255 447 2334 quasi
471 2257 575 2335 prisca
598 2265 682 2318 esset
705 2256 902 2337 explicarent
923 2259 1085 2338 praesenti
1109 2276 1236 2339 semper
1257 2257 1402 2318 artificio.
1431 2271 1520 2316 vernn

356 2358 389 2418 in
413 2359 442 2419 oi
463 2367 494 2418 et
517 2358 541 2420 ti
561 2357 692 2441 syllabis
714 2377 794 2441 quas
817 2360 933 2422 vocalis
955 2361 1103 2440 seqnitur
1125 2359 1211 2422 nulla
1233 2367 1284 2422 est
1305 2358 1453 2421 librorum
1466 2375 1521 2417 sae
1579 2345 1580 2386 ³

356 2462 427 2524 calo
443 2463 577 2542 septimo
594 2462 773 2524 Christiano
795 2481 859 2525 non
875 2465 1090 2544 antiquiorum
1106 2465 1287 2543 auctoritas,
1314 2476 1425 2544 magna
1437 2469 1521 2523 auten

356 2572 387 2626 et
409 2573 494 2626 certa
517 2567 737 2645 vetustiorum,
764 2567 906 2648 exceptis
921 2567 1122 2648 paucissimis
1144 2566 1287 2644 vocibus,
1312 2565 1354 2628 ad
1372 2583 1446 2646 quas
1464 2581 1521 2624 mn-

354 2669 466 2729 vicium
495 2685 558 2729 non
587 2670 687 2749 magis
716 2672 855 2750 pertinet
888 2688 982 2750 quam
1015 2671 1158 2751 suspicio.
1205 2670 1237 2732 in
1272 2671 1405 2731 convicii
1436 2675 1520 2729 auten

354 2769 507 2833 vocabulo
529 2789 592 2832 non
617 2781 739 2833 tantum
761 2773 1053 2853 antiquissimorum
1076 2772 1308 2853 exemplarium
1333 2771 1421 2835 fides,
1444 2769 1521 2830 relati

354 2873 422 2934 Gaii
446 2875 637 2936 Veronensis
660 2891 693 2935 ιιι
716 2875 790 2936 220.
816 2877 878 2937 222
903 2885 934 2938 ει
955 2877 1156 2956 Digestorum
1184 2875 1449 2950 alomannorum,
1477 2869 1520 2933 sed

354 2977 448 3038 etiam
472 2986 617 3039 vetustae
647 2979 925 3059 interpretationes
954 2997 1016 3041 non
1039 2985 1130 3041 erant
1157 2979 1387 3060 neglegendae.
1431 2976 1521 3037 Paulus

354 3097 395 3141 ex
417 3081 506 3142 Festo
529 3081 696 3143 convicium
719 3083 843 3161 avias,
871 3083 903 3144 in
926 3080 1035 3164 quibus
1047 3083 1140 3163 prius
1161 3079 1330 3145 habitatum
1346 3091 1399 3155 est,
1422 3079 1520 3142 uidetur
1578 3139 1579 3186 p

353 3182 478 3256 dictum,
503 3184 551 3245 εει
573 3186 732 3247 immutata
754 3185 857 3246 littera
879 3188 970 3267 prosi
995 3185 1181 3248 canticorum.
1212 3185 1366 3265 Ulpianus
1389 3183 1519 3246 libratur
1578 3187 1579 3210 ³

326 3355 328 3358 ¹
353 3284 394 3346 ad
417 3285 563 3348 Edictum
584 3285 655 3368 Dig.
673 3305 751 3348 ιιιιι
781 3287 818 3348 l3
838 3288 876 3349 l5
900 3290 1067 3351 convicium
1092 3290 1239 3350 iniuriam
1269 3307 1337 3351 esse
1365 3287 1455 3351 Labeo
1476 3287 1517 3344 ait.

352 3390 521 3451 convr'm'um
544 3397 644 3452 autem
667 3390 780 3454 dicitur
801 3393 850 3454 acl
872 3413 892 3453 a
914 3394 1109 3454 concitatione
1131 3392 1180 3453 ael
1202 3399 1398 3462 aconuentu,
1422 3390 1469 3451 lor
1486 3393 1519 3448 cst

352 3511 371 3552 a
395 3492 561 3570 collatione,
588 3511 711 3555 uocum:
735 3511 804 3556 oum
826 3497 905 3556 enirn
928 3497 960 3556 in
975 3511 1069 3557 unum
1084 3493 1255 3575 complures
1278 3513 1366 3558 voces
1379 3493 1518 3574 roriferas

352 3601 403 3654 tur
432 3596 601 3656 convictam
630 3597 821 3677 appellatur,
852 3599 945 3679 quasi
971 3599 1157 3661 consocium.
1202 3596 1519 3680 malaspinam

351 3697 463 3758 aicium
486 3697 598 3760 dictam
621 3707 666 3761 est
686 3702 778 3780 quasi
798 3719 813 3761 e
836 3702 911 3762 vicis
934 3701 1042 3776 iocum,
1068 3702 1122 3781 ενι
1142 3701 1308 3764 secundum
1330 3700 1517 3785 ipaodilitateu

351 3799 411 3861 loci
430 3801 598 3864 aroledictis
620 3807 648 3864 et
669 3803 757 3866 dictis
779 3804 920 3884 torpatur
941 3805 1115 3866 catillatum
1149 3823 1256 3885 neque
1279 3804 1321 3867 de
1342 3805 1420 3866 sicis
1433 3817 1518 3880 neque

351 3901 391 3964 de
417 3903 546 3966 vocibus
569 3905 738 3987 quisquam
760 3908 929 3987 cogitasset
951 3908 983 3970 in
1006 3906 1159 3970 vocabulo
1182 3907 1269 3988 quod
1292 3915 1304 3970 t
1326 3906 1466 3970 habetat.

437 4007 515 4066 Xlt'.
563 4007 743 4088 Significavi
775 4011 808 4071 in
837 4010 1028 4090 suspicionis
1055 4009 1210 4072 voeabula
1237 4029 1253 4074 e
1290 4011 1427 4074 litteram·
1450 4015 1516 4070 certa

350 4110 637 4172 vetustissimorum
661 4107 816 4175 liluarnm
838 4113 1023 4176 auctoritate
1045 4113 1238 4176 confirmari.
1272 4113 1305 4177 id
1326 4131 1412 4178 nunc
1434 4109 1518 4192 paullo

350 4212 533 4291 expressius
562 4213 632 4274 volo
662 4213 898 4295 demonstrare,
931 4217 956 4277 si
983 4214 1065 4278 torte
1095 4218 1257 4298 corrigere
1286 4219 1401 4299 possim
1426 4229 1516 4278 mrum

349 4314 539 4376 sententiam
570 4316 689 4396 quibus
718 4318 861 4382 doctrina
890 4327 997 4381 nostra
1025 4328 1127 4382 aetate
1151 4329 1272 4384 temere
1299 4317 1429 4403 repetita
1449 4323 1517 4378 tanto

349 4413 453 4497 placet
475 4433 571 4497 opere
595 4429 630 4481 ut
646 4429 712 4482 tum
729 4421 859 4484 mirifice
883 4429 1014 4503 sperent
1029 4439 1100 4485 sese
1123 4441 1194 4487 esse
1216 4425 1337 4488 locatos
1350 4438 1419 4487 cum
1434 4435 1516 4502 quan·

350 4527 417 4581 tum
441 4531 586 4600 poterant
602 4525 808 4604 suspitionem
824 4525 983 4606 dixerunt,
1009 4529 1195 4608 ignorantes
1217 4527 1262 4590 illi
1276 4538 1338 4592 aut
1352 4533 1516 4610 spernentes
