3156 5132
557 441 726 504 Anxxncrx.
1157 431 1236 503 329

64 635 114 704 cst,
142 631 230 710 meari
250 631 277 691 is
300 647 387 710 mem
408 628 493 692 dives
516 633 624 714 repina
646 633 760 694 mirata
782 633 831 694 sil.
879 651 960 713 quae
984 634 1017 695 in
1039 634 1090 696 his
1112 637 1236 696 correxi

64 730 99 792 ita
124 731 319 795 emendanda
347 733 445 795 fuisse
474 735 551 795 satis
579 744 700 796 certum
731 743 789 797 est.
836 754 908 797 narn
930 731 1121 823 πρασὸχρους
1144 757 1238 800 voca-

63 831 161 896 bulum
193 835 251 897 etsi
282 835 382 898 lexica
412 837 541 898 Tzetnac
575 846 696 900 tantum
727 838 807 899 Chii.
832 857 885 901 vru
907 840 1019 901 libas.
1050 843 1235 903 auctoritate
1273 839 1285 866 '

62 935 192 1016 firmant,
223 938 311 1000 nulla
341 947 446 1000 tamen
475 959 566 1002 causa
590 952 638 1002 est
660 943 738 1023 quin
760 952 908 1022 putemus
930 961 1021 1006 usum
1046 945 1115 1006 eius
1138 943 1236 1006 multo

61 1037 148 1101 luisse
179 1043 404 1121 antiquiorem.
450 1038 633 1128 πρασοειδής
663 1055 695 1106 et
724 1045 932 1126 chrysopteros
962 1045 1189 1109 confirmantur
1218 1066 1235 1108 a

61 1142 158 1204 Plinio.
204 1144 405 1226 conparanda
434 1157 483 1209 est
513 1149 597 1208 onim
619 1146 778 1210 Ambrosii
808 1149 947 1211 narratio
977 1169 1048 1211 cnm
1079 1150 1125 1212 eis
1154 1169 1235 1230 quae

60 1246 169 1308 Plinius
183 1247 279 1310 habet
294 1249 363 1310 Nat.
381 1250 455 1312 hist.
470 1269 569 1312 xxxva
585 1249 602 1334 §
617 1250 725 1313 ilisa.
744 1254 865 1336 eprepia
880 1255 1043 1314 etiamnum
1058 1271 1113 1315 suo
1128 1259 1235 1334 topazo

58 1349 148 1430 plomb
175 1358 236 1426 est,
269 1353 384 1415 uirenti
409 1371 518 1436 penere
547 1361 575 1416 et
603 1373 672 1416 cum
693 1363 818 1436 reperta
839 1363 882 1418 cst
902 1357 1062 1437 praelatae
1084 1355 1231 1418 omnibus.

59 1453 156 1515 acadit
178 1456 210 1516 in
223 1451 359 1518 Arabiae
381 1457 485 1518 insula
506 1475 584 1538 quae
599 1458 680 1539 Cytis
695 1457 871 1536 vacabatur,
897 1461 928 1520 in
944 1477 1034 1541 mam
1049 1457 1236 1520 devenerant

63 1557 231 1639 Propodptae
250 1558 422 1640 praedones
441 1559 525 1641 same
547 1568 575 1623 cl
593 1568 765 1642 tempestate
776 1561 863 1643 sessi,
888 1570 922 1625 nt
936 1583 1004 1624 acm
1018 1561 1129 1624 herbas
1144 1561 1234 1624 radi-

58 1677 151 1740 cesque
168 1660 308 1742 [admont
323 1671 465 1726 eruerent
479 1671 618 1744 topazon.
658 1664 731 1728 haec
745 1662 889 1728 Archelai
902 1667 1050 1728 sententia
1064 1672 1119 1728 est.
1155 1663 1234 1726 iuba
1278 1715 1282 1726 .

61 1764 201 1844 Topazum
230 1766 365 1828 insulam
395 1767 427 1828 in
455 1766 551 1829 rubro
580 1770 664 1830 mari
688 1789 708 1830 a
730 1771 893 1832 continenti
920 1768 1028 1832 stadiis
1053 1788 1103 1830 cca
1129 1767 1233 1830 abesse

58 1865 127 1940 dicit,
153 1866 327 1931 nebulosam
350 1876 378 1931 et
398 1869 463 1932 ideo
478 1872 645 1952 quaesitam
660 1874 782 1954 saepius
797 1871 1012 1956 coamantibus
1028 1891 1070 1934 ea
1085 1891 1122 1934 ea
1136 1890 1233 1934 causa

56 1986 150 2031 nomm
171 1974 333 2054 accepisse,
358 1975 481 2054 topazin
503 1974 581 2036 enim
602 1975 837 2058 Tropodptarum
860 1977 966 2059 linpua
987 1976 1232 2059 sipnificationem

57 2069 154 2134 labere
178 2077 356 2156 macerandi.
403 2095 445 2138 ea
466 2076 523 2139 hac
542 2079 678 2159 primum
699 2081 885 2160 inportatam
906 2081 1072 2142 Berenicae
1094 2080 1228 2162 rapinae,

57 2191 122 2254 plac
139 2175 201 2258 suit
221 2187 320 2242 mater
342 2182 492 2262 sequentis
509 2183 678 2258 Ptolemaei,
704 2182 741 2243 ab
760 2183 879 2245 Philone
889 2183 1044 2264 praesecto
1059 2185 1139 2266 repis
1155 2184 1232 2244 mire

56 2278 194 2357 pluatisse
222 2289 252 2344 et
280 2282 349 2344 inde
374 2282 490 2364 factam
519 2292 651 2348 stateram
681 2281 831 2348 Arsinoae
861 2287 1020 2350 Ptolemaei
1043 2285 1234 2366 philadelphi

57 2385 142 2445 acon
160 2392 302 2466 pradum
323 2385 502 2464 arabitarum,
526 2397 682 2452 sacratam
703 2392 733 2450 in
748 2387 871 2450 delubro
887 2389 965 2470 quod
979 2407 1109 2451 aureum
1123 2408 1232 2471 capno-

59 2485 231 2550 ninabatur.
277 2491 479 2554 recentissimi
509 2499 648 2556 auctores
678 2500 704 2555 et
733 2495 816 2555 circa
848 2492 1004 2554 Thebaidis
1033 2490 1231 2555 Alabastrum

58 2591 184 2670 ominium
205 2593 295 2656 nasci
314 2593 419 2656 dicunt
440 2602 467 2656 et
489 2595 548 2656 duo
569 2615 683 2678 penera
705 2598 769 2658 eius
789 2596 926 2679 faciunt,
953 2595 1120 2676 prasoiden
1143 2604 1232 2676 alque

58 2692 256 2777 chrysopteron
291 2697 388 2759 simile
422 2697 641 2780 chrysopraso:
676 2707 737 2762 tota
766 2701 845 2761 enim
879 2699 1044 2762 similitudo
1073 2697 1115 2760 ad
1140 2701 1232 2780 porri

58 2785 155 2858 mcum'
184 2799 341 2882 diripitur.
388 2809 431 2863 est
460 2809 558 2863 autem
581 2803 772 2884 amplissima
792 2821 991 2886 pemmarum.
1039 2802 1142 2864 eadem
1164 2802 1272 2864 solaro

58 2897 185 2964 mbilicum
207 2903 313 2965 limam
335 2906 434 2981 sentit,
460 2913 575 2980 ceterae
597 2907 701 2969 Nacta
723 2915 751 2969 et
772 2905 885 2968 cotibus
904 2906 1083 2987 poliuntur;
1106 2904 1179 2966 haec
1201 2912 1229 2966 el

58 3019 106 3062 usu
131 3008 281 3068 atteritur.
330 3006 462 3088 adparat
484 3009 618 3072 Plinium
642 3019 765 3091 partem
788 3028 897 3072 corum
921 3009 1007 3089 quae
1025 3007 1101 3071 dicit
1124 3029 1142 3070 a
1164 3009 1229 3070 Xe-

58 3119 167 3170 nocrate
190 3111 332 3191 petiisse,
356 3113 564 3174 Xenocratem
587 3115 702 3194 partim
725 3132 795 3175 cum
812 3113 889 3175 iuba
908 3113 1117 3192 conspirasse.
1156 3129 1228 3172 cunr

57 3219 146 3272 autern
160 3214 353 3276 Xenocrates
373 3234 392 3276 a
408 3215 507 3277 Plinio
529 3218 816 3280 nocentissimorum
833 3225 994 3279 auctorum
1010 3217 1137 3276 nomine
1153 3233 1229 3274 con-

59 3313 270 3396 prehendatur,
296 3336 358 3379 non
381 3317 521 3382 absurde
542 3319 726 3401 putabimus
748 3339 841 3383 usum
865 3339 937 3382 eum
954 3339 1024 3381 esse
1040 3316 1135 3380 lubae
1152 3335 1228 3378 nar-

59 3417 171 3480 ratione.
218 3433 440 3484 commemorat
459 3442 535 3486 vero
551 3423 670 3486 Plinius
684 3424 891 3485 Xenocratem
909 3421 1018 3484 eadem
1034 3420 1116 3483 libro
1131 3439 1227 3483 xxxva

58 3512 127 3597 bib,
150 3522 205 3584 nbi
224 3523 396 3604 Ephesium
420 3525 508 3607 dicit,
534 3526 575 3589 27
592 3525 632 3587 37
648 3528 701 3588 40.
749 3545 811 3588 non
834 3526 1000 3607 scripsisse
1021 3545 1093 3586 aum
1109 3523 1227 3586 librum

59 3617 91 3680 de
108 3624 262 3706 lapidibus
286 3628 360 3690 inde
384 3639 471 3710 patet
486 3628 571 3709 quod
585 3629 627 3692 ab
640 3629 806 3692 Ambrosio
821 3628 940 3691 dicitur
954 3629 1119 3709 scripsisse
1136 3627 1227 3707 quasi

60 3721 268 3808 lithognomon:
296 3733 391 3794 nimis
414 3733 498 3794 enim
521 3742 589 3796 tum
611 3736 755 3814 ineptum
779 3719 858 3794 foret
881 3734 972 3814 quasi
993 3729 1083 3792 illud.
1131 3730 1225 3790 immo

61 3825 85 3884 in
104 3829 222 3896 historia
246 3837 432 3898 Xenocratis
455 3855 536 3916 quae
560 3846 724 3898 narratae
748 3838 909 3898 invenisse
926 3832 1111 3896 Ambrosius
1135 3831 1224 3894 dicit.

60 3928 144 4010 itaque
174 3957 209 3998 eo
239 3937 429 4001 adducimur
458 3957 559 4020 paene
589 3949 624 4002 ut
647 3939 784 4003 eundern
809 3959 878 4001 csse
902 3941 1108 4000 Xenocratem
1132 3945 1226 4018 pute-

60 4049 114 4096 mus
132 4043 218 4103 cuius
241 4045 394 4104 memoria
413 4051 500 4104 extat
516 4043 548 4103 in
565 4043 775 4124 Elymniogiea
791 4061 903 4123 magno
919 4060 951 4121 p.
973 4039 1033 4101 ⁴57
1050 4039 1102 4120 bl,
1117 4033 1226 4102 Ἀσσυ-

61 4132 112 4214 Pb,
137 4137 155 4227 ἡ
178 4139 371 4230 Βαβυλωνία.
418 4140 451 4208 τὸ
475 4141 528 4228 μὲν
551 4149 667 4230 πρῶτον
690 4143 826 4208 ἐκαλεῖτο
850 4137 1020 4229 Εὖφράτις,
1047 4133 1169 4228 ὕστερον
1193 4139 1226 4204 δὲ

60 4231 198 4324 laicata,
230 4243 263 4311 τὸ
293 4249 462 4312 τελευταῖον
485 4244 519 4310 δὲ
542 4241 600 4312 ἀπὸ
620 4242 761 4333 ’Aaoipoo
783 4251 836 4311 coir
859 4244 975 4312 Σούσου
993 4242 1150 4331 Aesopia,
1185 4239 1226 4316 dit

61 4336 222 4435 Ξενοκράτης
243 4351 276 4415 ἐν
298 4345 408 4437 πρώτῳ
422 4347 591 4436 Χρονικῶν.
640 4353 847 4432 nequeenim
865 4353 980 4412 mirum
997 4350 1101 4413 videri
1118 4358 1226 4431 posset

62 4447 81 4503 li
100 4453 230 4516 auditus
253 4457 344 4518 homo
367 4457 400 4517 in
424 4453 516 4517 libris
538 4455 656 4535 quibus
678 4457 811 4517 orientis
834 4455 996 4516 historiam
1012 4463 1065 4517 aul
1080 4453 1225 4515 tractavit

61 4559 101 4608 aut
120 4558 213 4636 attigit
236 4557 276 4620 da
301 4560 449 4640 pretiosis
471 4557 632 4638 lapidibus
655 4559 752 4620 muita
769 4569 940 4622 narrasset.
989 4558 1046 4620 sed
1063 4557 1131 4619 veri
1147 4575 1223 4617 sane
