3178 5136
347 354 419 428 508
735 369 781 429 Ex
804 387 901 430 unua
924 369 1132 430 Buaourrrsrrst.

345 559 399 638 qui
423 575 538 618 nomen
561 555 643 618 illud
664 556 705 618 ad
727 556 883 618 Venerem
905 555 1077 632 transtulit,
1101 555 1242 632 Hionem,
1272 555 1327 634 qui
1351 555 1361 612 4
1381 553 1416 614 34
1437 551 1503 614 dixit

346 653 420 722 ἇδὲ
443 654 575 742 Κυθήρα
596 653 716 730 Πάντας
745 651 803 721 ἀνὰ
831 653 968 740 κνάριυς,
1002 649 1061 721 ἀνὰ
1087 657 1145 720 πᾶν
1173 649 1265 728 νάπος
1294 651 1403 741 οἰκτρὸν
1423 649 1501 718 ἀυτεῖ.

346 782 424 843 nego
448 763 534 824 enim
556 759 731 824 Ahrentem
754 771 839 824 recte
862 761 1036 824 resecuisse
1058 779 1140 841 quae
1164 761 1225 841 ipsi
1249 759 1450 839 displicebant
1461 769 1504 820 aut

302 901 309 914 ·
345 865 542 944 dispositioni
566 883 660 945 quam
684 865 820 927 instituit
842 864 991 926 carminis
1007 861 1271 926 adversabantur.
1302 863 1405 924 Bionis
1418 871 1504 924 autem

345 977 476 1028 mortem
510 968 649 1029 carmine
678 966 759 1029 luxit
781 967 940 1045 Moschus,
973 966 1028 1047 qui
1064 964 1125 1029 luit
1147 957 1342 1050 Ἀριστάρχου
1368 957 1505 1048 γνώριμος.

344 1069 385 1130 ab
412 1067 627 1133 Alexandrina
657 1071 754 1151 igitur
780 1069 868 1150 poesi
904 1069 993 1131 idum
1022 1070 1159 1131 nominis
1187 1067 1323 1130 abusum
1349 1077 1507 1148 repetemus

346 1192 449 1253 neque
483 1171 670 1234 mirabimur
698 1172 833 1253 amplius
860 1169 1016 1234 Ovidiana
1045 1170 1200 1232 adiectiva
1238 1189 1320 1251 quae
1348 1188 1439 1250 supra
1462 1165 1507 1230 ad-

345 1277 468 1356 scripsi.
502 1295 573 1338 uam
597 1274 682 1355 quod
705 1275 737 1336 in
761 1273 842 1336 libro
863 1267 929 1357 περί
950 1271 1127 1357 θαυμασίων
1156 1267 1351 1355 ἀκουσμάτων
1374 1291 1439 1353 cap.
1460 1269 1506 1330 433

345 1398 376 1459 p.
395 1372 472 1439 HiSl
487 1378 586 1440 Bekk.
613 1396 725 1440 versus
747 1387 796 1440 ost
817 1376 857 1438 ab
878 1377 1057 1439 Hermanno
1080 1375 1196 1456 Opusc.
1222 1386 1245 1438 t.
1264 1395 1295 1436 v.
1314 1395 1346 1456 p.
1368 1374 1424 1435 470
1441 1383 1506 1436 rerte

348 1482 389 1543 ita
412 1478 617 1560 emendatus,
637 1472 807 1564 Ἡρακλέης
835 1477 994 1561 τεμένιοαα
1016 1471 1147 1563 Κυθήρα
1173 1474 1395 1564 Πασιραίυυγγ,
1423 1494 1506 1552 nemo,

345 1585 473 1665 opinor,
513 1580 607 1644 hodie
637 1594 686 1644 est
715 1584 769 1662 qui
800 1601 928 1644 carmen
961 1581 1039 1644 illud
1068 1580 1235 1644 Aristotele
1269 1581 1429 1662 antiquius
1453 1595 1508 1640 esse

346 1686 464 1750 credat.
514 1686 619 1766 itaque
642 1703 704 1746 non
727 1695 812 1746 recte
840 1683 925 1746 idem
948 1685 1146 1746 Hermannus
1176 1684 1208 1746 in
1231 1681 1378 1766 Aeschyli
1400 1685 1509 1766 Suppli-

346 1788 436 1852 cibus
459 1809 489 1849 v.
517 1788 593 1848 4004
622 1787 750 1867 scripsit
772 1780 845 1870 μηδ’
872 1779 922 1849 ὑπ’
955 1779 1087 1870 ἀνάγκας
1115 1780 1209 1869 γάρος
1242 1783 1329 1850 ἔλθοι
1351 1781 1506 1872 Κυθέρειος.

346 1902 474 1955 secutus
504 1900 551 1953 est
578 1889 652 1951 libri
676 1889 914 1971 Guelferbytani
945 1889 1059 1969 iidem,
1091 1908 1172 1969 quae
1195 1891 1282 1952 nulla
1311 1900 1377 1952 est:
1410 1893 1440 1952 in
1459 1892 1510 1952 lle-

347 1995 435 2057 diceo
459 1995 612 2074 seriptum
640 2002 687 2054 est
715 1989 883 2078 κυθερείας.
931 2002 964 2054 et
991 2002 1095 2055 mmen
1124 1995 1235 2054 merito
1264 1994 1439 2054 Hermanno
1457 1993 1510 2055 dis-

346 2097 457 2177 plicuit
478 2089 574 2179 γοίρος
596 2089 778 2180 Κυθερείας,
802 2093 887 2176 quod
901 2093 1054 2176 Aeschylo
1077 2094 1243 2176 indignum
1263 2105 1324 2157 est.
1370 2113 1466 2174 neque
1479 2113 1510 2155 er

347 2194 527 2283 Κυθερείας,
551 2198 684 2259 Veneris
706 2198 844 2277 nomine,
870 2195 1022 2277 suspendi
1044 2207 1147 2278 potest
1168 2191 1312 2282 ἀνάγκας.
1359 2199 1429 2278 quis
1441 2198 1510 2258 enim

346 2302 460 2362 hocin
484 2301 537 2362 illo
565 2299 736 2362 verborum
764 2301 877 2362 ordine
907 2299 1091 2380 intellegat?
1123 2319 1185 2363 uon
1214 2301 1299 2363 soleo
1326 2320 1377 2362 me
1405 2301 1447 2362 eis
1471 2301 1510 2360 in-

348 2403 480 2465 miscere
503 2402 559 2482 qui
581 2401 621 2464 ad
651 2401 865 2466 emendandas
886 2400 1032 2483 Aeschyli
1062 2402 1240 2484 tragoedias
1263 2403 1439 2481 convolant,
1465 2401 1509 2463 sed

347 2505 447 2567 dicam
477 2515 582 2566 tamen
613 2505 698 2585 quod
725 2506 837 2570 sentio.
885 2505 1050 2585 scripsisse
1080 2507 1225 2568 existimo
1247 2504 1433 2587 Aeschylum
1453 2498 1506 2588 ργθ

346 2601 391 2672 ὑπ’
423 2602 555 2693 ἀνάγκας
584 2601 674 2691 νόμος
700 2605 786 2672 ἔλθοι
815 2604 992 2692 Κυθερείας.
1044 2627 1105 2670 non
1128 2607 1282 2671 dissimile
1314 2618 1362 2670 est
1390 2607 1460 2670 illud
1478 2605 1510 2668 ah

345 2713 525 2774 Hermanno
554 2712 744 2793 explicatum
767 2713 801 2772 iu
822 2709 1056 2792 Agamemnone
1080 2729 1110 2772 v.
1131 2712 1211 2774 taor
1234 2701 1255 2795 ἦ
1277 2707 1329 2774 καί
1356 2711 1458 2774 τέκνων
1477 2709 1510 2780 είς

345 2811 431 2898 ἔργον
454 2809 585 2898 η’λθέτρν
609 2807 709 2898 νόμῳ;

431 2918 517 2979 LXV.
565 2915 740 2997 Madvigius
770 2935 839 2979 cum
871 2935 889 2977 e
917 2914 999 2976 libro
1029 2917 1188 2978 Ciceronis
1224 2915 1264 2978 de
1293 2917 1409 2980 linibus
1435 2936 1452 2978 r
1478 2917 1508 2976 40

346 3018 496 3080 mendum
525 3019 652 3082 sustulit
680 3019 773 3081 simul
803 3016 910 3080 docuit
936 3018 1036 3099 είορυο
1065 3038 1082 3080 o
1111 3020 1219 3080 Latino
1256 3038 1310 3080 ore
1340 3039 1402 3082 non
1429 3020 1510 3100 magis

345 3120 489 3184 auditum
505 3140 575 3184 esse
590 3141 684 3201 quarn
699 3120 803 3203 hicque
817 3130 870 3183 aut
891 3138 1038 3202 nuncque,
1065 3132 1238 3201 spernente
1253 3123 1350 3183 etiam
1364 3123 1507 3204 partiaria,

282 3217 285 3222 ’
347 3243 429 3304 quae
453 3223 752 3286 demonstrationem
775 3242 902 3303 gravem
919 3222 1044 3302 habeat,
1071 3224 1200 3304 copulae
1223 3223 1439 3287 adiectionem.
1462 3243 1508 3285 non

346 3336 442 3408 negat
455 3328 550 3406 igitur
562 3328 678 3388 Latinis
690 3329 927 3389 coniunctamm
939 3347 955 3388 c
966 3336 998 3388 et
1016 3344 1034 3407 ρ
1052 3327 1230 3389 litterarum
1243 3330 1507 3408 pronuntiationem

305 3418 515 3493 asmolestam¹
545 3430 659 3508 luisse,
693 3448 798 3510 neque
820 3448 896 3490 sane
919 3429 1049 3490 memini
1072 3449 1121 3490 me
1149 3429 1265 3511 legisse
1293 3431 1508 3512 lacertosaeque

345 3532 450 3614 dicque
472 3531 585 3613 ducque
606 3532 757 3614 holecque,
783 3530 841 3593 sed
863 3530 949 3611 quod
971 3532 1003 3592 in
1027 3531 1088 3594 illis
1104 3550 1183 3611 quas
1205 3531 1311 3594 adfert
1332 3533 1508 3612 vocibusque

346 3637 442 3697 etiam
464 3633 504 3696 ab
527 3635 696 3696 intentiore
727 3653 860 3714 quamc
888 3633 982 3694 efficit
1005 3633 1272 3697 demonstratione
1295 3635 1419 3699 excludi
1439 3643 1508 3716 putat

345 3739 459 3800 scitum
483 3747 531 3799 est
552 3734 742 3817 videturque
766 3755 836 3798 esse
859 3755 989 3799 verum:
1024 3738 1127 3817 ipsum
1149 3736 1277 3800 dicendi
1300 3757 1393 3801 usum
1418 3738 1508 3799 rectis·

345 3841 424 3902 sime
446 3838 637 3914 observavit,
663 3850 748 3900 certe
772 3837 856 3920 quod
878 3837 917 3900 ad
941 3837 1067 3901 meliora
1090 3841 1190 3902 Latini
1213 3842 1370 3903 sermonis
1390 3851 1507 3920 tempora

345 3945 467 4005 attinet.
514 3940 637 4005 addidit
658 3940 832 4023 Madvigius
855 3962 886 4022 p.
906 3960 973 4003 txrx
995 3941 1113 4005 dixisse
1136 3953 1240 4006 tamen
1256 3945 1396 4006 Tacitum
1415 3942 1508 4021 turpe

346 4044 430 4109 Anu.
454 4046 547 4107 sves
571 4053 603 4106 et
625 4053 754 4128 oraeque
775 4042 857 4106 Ann.
882 4043 1004 4106 111137.
1050 4045 1151 4107 adicio
1180 4046 1315 4108 alterum
1343 4054 1461 4128 trmcpue
1477 4059 1506 4102 er

344 4146 427 4210 Ann.
445 4167 493 4210 xrr
510 4148 561 4207 45.
606 4147 664 4210 sed
686 4156 814 4230 tuncque
836 4167 898 4210 nou
921 4148 1129 4210 certissimam
1158 4147 1255 4210 habet
1283 4148 1392 4230 fidem:
1422 4153 1506 4227 potest

346 4252 429 4312 enim
452 4250 521 4313 fleri
543 4261 579 4313 ut
600 4250 724 4312 Tacitus
745 4250 915 4332 utrobique
942 4257 1064 4332 tumque
1091 4252 1256 4332 scripserit
1287 4251 1423 4331 illudque
1444 4243 1505 4308 sub

345 4353 508 4415 stituerint
528 4351 663 4432 librarii,
688 4372 766 4433 quos
789 4363 910 4416 constat
931 4355 1116 4434 saepissime
1138 4361 1209 4416 tunc
1229 4356 1373 4434 posuisse
1392 4349 1441 4414 uhi
1455 4357 1503 4410 turo

346 4454 487 4518 scribere
516 4454 689 4519 debebant.
742 4457 858 4520 certius
884 4455 989 4519 videri
1022 4465 1126 4536 potest
1150 4456 1278 4539 hucque.
1325 4453 1416 4518 verba
1433 4451 1504 4512 ‘haee
