3182 5132
623 381 727 442 Viam.
1196 363 1270 436 483

85 585 182 646 genus
212 566 362 648 equidem
385 584 455 634 'non
486 566 693 630 laudaverim.
739 568 928 632 Duebnerus
955 577 1060 630 autem
1090 587 1161 630 cum
1190 586 1272 630 anno

86 687 238 734 nncccxnr
260 673 293 733 in
315 672 415 734 hlusei
437 671 581 732 Rhenani
604 680 687 733 tomo
702 689 737 732 ιιι
758 690 791 751 p.
811 672 872 732 632
896 668 1100 734 scribendum
1128 689 1198 732 esse
1221 669 1273 732 di-

85 783 169 835 ceret
192 765 235 844 ὡς
256 772 389 836 ἐοίκασιν
406 772 619 836 demonstrata
635 775 813 836 litterarum
828 773 1036 836 similitudine
1053 792 1115 835 non
1131 772 1273 836 reddidit

83 874 245 956 probabile
269 876 353 958 quod
381 895 444 938 non
468 874 695 938 benedictum
719 887 777 938 est.
825 877 902 938 mihi
926 877 1010 938 Plato
1032 877 1198 957 scripsisse
1221 879 1272 938 vi-

83 978 174 1040 detur
202 974 246 1050 ιῖις
267 973 447 1064 πεφύκασιν.
494 999 600 1060 neque
624 983 710 1042 enim
733 981 851 1056 rectius
873 981 1012 1060 magisve
1035 982 1161 1061 proprie
1184 980 1269 1059 loqui

84 1082 192 1162 potuit.

163 1186 270 1247 XLlll.
293 1184 486 1248 Aristoteles
513 1185 599 1266 apud
621 1183 822 1248 Athenaeum
837 1204 874 1246 xv
896 1205 928 1266 p.
947 1186 1009 1246 696
1033 1195 1066 1246 et
1089 1183 1173 1265 apud
1196 1185 1271 1246 Dio-

82 1305 191 1367 genem
215 1290 375 1350 Laertium
389 1288 443 1350 ι7

306 1436 407 1526 Ἀρετὰ
430 1435 606 1527 πολύμοχθε
628 1440 708 1525 γένει
731 1438 868 1526 βροτείῳ,

310 1539 435 1629 θήραμα
457 1538 615 1608 κάλλιστον
639 1542 708 1630 βέιρ,

309 1651 362 1718 σᾶς
384 1645 465 1731 πέρι,
490 1646 632 1731 παρθένε,
660 1648 777 1731 μορφᾶς

308 1745 359 1812 καὶ
382 1749 485 1814 θανεῖν
510 1745 645 1821 ζαλωτὸς
667 1750 698 1813 έν
716 1744 844 1812 Ἑλλάδι
865 1744 976 1832 πότμος

307 1849 358 1916 καλ
380 1846 487 1924 πόνους
509 1855 617 1936 τλῆναι
640 1847 787 1938 μαλεροιλς
812 1845 1003 1934 ἀκάμαντας·

307 1957 385 2020 τοῖον
408 1953 457 2018 έπὶ
479 1955 575 2041 φρένα
600 1950 720 2042 βάλλεις

306 2056 419 2145 καρπὸν
444 2054 606 2138 ἀθάνατον,
632 2062 747 2143 χρυσοῦ
768 2082 801 2122 τε
823 2057 950 2142 κρείσσω

306 2157 356 2225 καλ
377 2161 488 2246 γονέων
513 2155 758 2247 μαλακαυγήτοιό
783 2156 813 2222 θ’
841 2153 944 2226 ὕπνου.
1118 2214 1125 2248 ρ

82 2335 171 2378 versu
195 2319 331 2397 septimo
354 2317 440 2397 apud
455 2315 654 2378 Athenaeum
677 2319 830 2398 seriptum
855 2327 903 2378 est
925 2313 1038 2402 καρπόν
1056 2312 1082 2379 τ’
1102 2312 1266 2396 ἀθάνατον,

79 2419 159 2498 apud
166 2421 341 2499 Diogenem
353 2413 466 2504 καρπὸν
479 2418 521 2490 εἰς
530 2411 691 2482 ἀθάνατον.
718 2421 935 2482 Boeckhiusin
944 2420 1268 2484 commentationibus

78 2519 263 2585 Academiae
272 2523 486 2584 Berolinensis
500 2523 575 2584 abni
585 2541 734 2584 enecetur
748 2524 797 2604 p.l
807 2524 846 2583 66
854 2521 875 2605 ρ
877 2524 924 2584 Kl.
934 2524 1015 2586 schr.
1027 2526 1126 2586 rrl99
1128 2522 1148 2606 s
1154 2520 1268 2609 καρπὸν

79 2622 106 2694 ές
112 2620 266 2688 ἀθάνατον
274 2627 402 2706 scripsit
414 2635 524 2706 etpost
533 2620 654 2710 βάλλεις
665 2624 848 2688 addendum
857 2645 926 2688 esse
936 2617 1267 2711 signiticavitllpoiooc.¹

79 2730 252 2791 lleinekius
267 2726 423 2790 Athenaei
446 2721 561 2813 καρπόν
583 2721 610 2792 τ’
637 2722 786 2791 ἀθάνατον
810 2730 960 2806 servavit,
986 2728 1042 2790 sed
1059 2739 1129 2808 post
1145 2722 1265 2812 βάλλεις
1278 2753 1327 2800 ato

80 2831 221 2894 similiter
244 2850 281 2892 ao
304 2831 477 2893 Roeckhius
499 2830 622 2912 aliquid
646 2831 995 2894 excidisseindicavit:
1029 2841 1136 2911 postea
1160 2844 1266 2895 autem

82 2933 109 2993 in
136 2933 299 2996 Analeotis
328 2934 448 2996 criticis
471 2955 503 3016 p.
523 2936 584 2996 340
616 2933 746 2996 fortasse
775 2934 855 2994 nihil
886 2935 1037 3014 periisse,
1069 2933 1126 2996 sed
1153 2929 1266 3019 καρπὸν

81 3030 226 3100 ἀθάνατον
251 3035 456 3099 scribendum
481 3056 551 3099 esse
573 3037 665 3099 dixit.
706 3035 791 3116 quod
813 3037 965 3100 iudicium
982 3036 1181 3117 probandum
1198 3058 1266 3100 esse

80 3158 204 3202 censeo:
238 3158 312 3200 nam
341 3140 498 3202 sententia
530 3141 572 3202 ita
601 3140 635 3201 fit
664 3150 751 3202 reeta
780 3148 811 3202 et
841 3141 934 3220 plana
957 3150 1082 3202 etcum
1106 3141 1267 3222 prioribus

83 3241 224 3306 versibus
248 3242 429 3304 adcuratius
450 3263 627 3324 congruens
642 3261 737 3322 quam
753 3243 901 3304 Iloeckhii
917 3243 996 3306 τοῖον
1012 3240 1061 3305 ἐπὶ
1076 3242 1171 3328 φρένα
1187 3239 1267 3328 βάλ-

81 3345 136 3416 λεις
159 3339 273 3430 θράσος
295 3339 419 3428 Καρπὸν
441 3344 472 3416 ές
495 3340 659 3409 ἀθάνατον.
706 3345 763 3407 sed
786 3347 818 3406 in
842 3347 984 3426 proximo
1007 3365 1100 3410 versu
1124 3347 1203 3428 quid
1226 3350 1266 3410 sit

82 3443 309 3532 μαλακαέγητος
338 3439 428 3518 ὕπνος
458 3467 551 3510 nemo
585 3447 676 3510 facile
706 3449 835 3510 dixerit.
884 3448 970 3511 unde
999 3451 1175 3514 lleinekius
1202 3469 1265 3512 non

81 3541 166 3616 θπνοο
185 3551 245 3616 sed
261 3546 343 3614 οἴνου
358 3552 561 3613 Aristotelem
577 3553 744 3632 scripsisse
760 3552 904 3613 coniecit.
946 3563 978 3612 et
994 3563 1096 3632 potest
1112 3552 1267 3633 quodam-

82 3653 166 3716 modo
189 3655 333 3734 intellegi
356 3647 588 3737 μαλακαόγητος
611 3650 707 3732 οἶνος,
741 3671 932 3734 quamquam
955 3673 1049 3716 nemo
1071 3654 1200 3718 videtur
1222 3657 1267 3716 si-

82 3757 192 3818 militer
213 3758 338 3819 locutus
361 3775 442 3818 esse.
489 3758 546 3820 sed
569 3757 601 3819 in
625 3759 726 3818 somni
750 3757 1033 3819 conmemoratione
1055 3777 1114 3837 per
1137 3777 1169 3818 se
1187 3758 1265 3818 nihil

83 3868 125 3919 est
146 3859 232 3940 quod
255 3861 368 3921 merito
391 3860 625 3940 reprehendas:
651 3858 764 3940 quidni
781 3861 866 3921 enim
883 3859 946 3922 dici
963 3862 1061 3940 possit
1080 3862 1182 3922 virtus
1199 3860 1267 3922 iru-

83 3969 159 4022 ctum
188 3965 222 4024 in
253 3971 391 4024 mentem
423 3963 566 4025 conicere
595 3964 757 4025 meliorem
780 3971 811 4024 et
834 3961 956 4024 divitiis
979 3971 1011 4023 et
1032 3965 1132 4024 somni
1157 3961 1267 4024 dulce-

84 4061 174 4128 dine?
196 4067 305 4145 itaque
329 4063 457 4127 videtur
480 4065 556 4126 mihi
581 4081 643 4128 non
667 4055 759 4128 ὕπνου
774 4064 831 4127 sed
847 4058 1093 4148 μοιλακαορήτοιο
1109 4064 1267 4146 deprava-

85 4176 142 4228 tum
158 4187 228 4232 esse
245 4166 343 4248 idque
359 4177 434 4247 puto
451 4167 570 4229 Coraen
587 4167 751 4230 Strabonis
768 4177 790 4229 t.
805 4188 865 4249 vp.
883 4169 942 4228 tto
960 4169 1074 4230 eximie
1091 4171 1266 4232 correxisse

83 4287 147 4332 cum
169 4273 298 4353 scripsit
321 4263 558 4354 μαλακεονήτοιό
575 4264 605 4332 θ’
627 4261 730 4335 docco.
770 4289 811 4333 ne
827 4272 899 4351 quis
915 4273 1000 4333 enim
1017 4282 1152 4352 opponat
1168 4270 1267 4334 Athe·

85 4375 149 4434 naei
171 4385 203 4436 et
224 4373 374 4453 Diogenis
396 4374 430 4434 in
453 4373 590 4436 mirabili
615 4375 666 4436 illo
688 4372 840 4436 vocabulo
863 4376 1145 4454 conspirationem,
1170 4375 1267 4435 nimi·

88 4491 151 4536 rum
172 4475 323 4540 mendoso
345 4476 495 4539 carminis
517 4477 692 4556 exemplari
714 4486 770 4539 ant
790 4486 926 4557 uterque
944 4495 1021 4540 usus
1038 4489 1086 4591 esp
1099 4488 1154 4539 aut
1169 4476 1267 4538 alter-
