3182 5132
360 376 435 448 444
765 391 808 452 Ex
830 408 929 451 erm
951 389 1147 450 Bmomrrmsr

361 581 459 642 leium
475 581 546 642 llet.
565 597 595 641 44
611 581 630 640 8
648 578 730 644 liber
751 579 952 641 Florentiuus
967 576 1064 640 habet
1085 577 1230 653 iudiciale
1243 577 1375 639 4444444444.
1404 577 1519 638 simililer

361 686 394 745 iu
417 703 453 746 eo
476 686 630 765 seriptum
653 702 723 747 esse
746 683 865 745 conicio
887 701 932 743 vu
949 677 1006 742 25:
1043 691 1130 744 certe
1153 681 1207 742 alii
1231 679 1307 742 libri
1330 679 1442 742 habeut
1460 679 1517 742 44444
1565 727 1566 752 ,

360 788 459 850 4444444
477 790 663 868 praemium.
695 784 940 867 intellegebatur
962 795 1079 863 autem,
1105 786 1228 866 opinor,
1253 785 1400 866 primitus
1416 785 1517 865 pemou

362 890 508 953 indiciue.

447 995 519 1074 Peg.
539 994 599 1054 3444
620 994 660 1055 444
683 991 801 1076 [contr.
821 989 959 1074 1218]
981 990 1076 1054 valde
1106 992 1206 1052 miror
1235 991 1375 1072 potuisse
1400 1009 1456 1052 nou
1480 988 1519 1051 ad·
1565 959 1566 1040 ᾗ

362 1097 468 1178 gnosei
492 1116 607 1160 versus
631 1098 810 1160 Homericos
825 1095 885 1158 Od.
903 1114 972 1157 xxm
987 1095 1092 1156 tlts.
1119 1094 1155 1157 ll.
1172 1113 1201 1156 44
1220 1093 1294 1156 479.

445 1200 551 1262 XCIX.
587 1201 622 1262 lu
646 1199 807 1263 Thebaide
831 1199 922 1303 Statii
945 1216 986 1260 444
1004 1198 1064 1260 683
1089 1197 1299 1262 scribendum
1321 1208 1393 1280 puto

538 1323 630 1366 arma
651 1303 752 1385 [4444444
774 1282 936 1386 louqieo'ue
945 1309 1056 1383 erepat
1076 1301 1261 1383 4449444444
1283 1319 1393 1364 aurum

537 1415 724 1490 eruptusque
746 1407 833 1470 444444
854 1406 946 1467 vitiat
968 1423 1072 1468 emor

259 1530 262 1538 ’
355 1509 533 1574 ¹uouibitur
543 1512 644 1588 444444,
663 1509 758 1591 quod
791 1524 913 1590 neque
931 1509 1106 1572 sententio
1118 1514 1235 1641 ue'que
1270 1509 1420 1636 temporie
1447 1506 1518 1568 444444
1565 1465 1566 1538 4

349 1625 470 1750 raptum
493 1625 592 1676 est.

391 1719 586 1780 Versum
597 1733 662 1778 4444
677 1718 739 1778 494
762 1716 805 1778 ita
815 1711 1008 1794 emendo,
1063 1745 1072 1764 ..
1329 1751 1334 1759 -

418 1842 429 1861 ·’
509 1840 522 1869 ³
541 1848 548 1865 ··
611 1829 684 1882 44444
703 1819 822 1902 {lovum
843 1821 989 1902 4494444444
1007 1819 1184 1902 florumque
1202 1819 1364 1882 Politen

362 1953 366 1960 ·
418 1943 435 1974 ··
539 1923 603 2000 (ille
623 1940 740 2008 oenoe
733 1923 865 2002 44444444,
890 1925 1008 1986 erinon
1029 1924 1078 1987 lto
1095 1921 1243 2006 9444444444
1264 1921 1386 1986 lueolo:

384 2043 392 2052 ·
420 2047 429 2078 ι
454 2066 459 2076 =
522 2027 639 2093 44444444
661 2036 787 2109 uterum
808 2027 895 2109 444444
923 2028 1079 2108 violisque
1100 2017 1305 2108 Hyperenora
1327 2026 1419 2108 4444944

537 2143 775 2214 metumtot
793 2129 1077 2214 4944444444

360 2232 436 2295 litori
458 2251 572 2298 4444444
589 2233 715 2297 liabent
735 2243 783 2297 et
789 2232 887 2300 vlotir.
902 2233 972 2296 sed
995 2235 1126 2297 saevitia
1148 2228 1488 2314 upouintsetluooti
1482 2244 1516 2286 4-
1565 2237 1566 2300 1

358 2347 450 2419 epte
454 2333 727 2417 mememoratur,
761 2337 863 2418 fluum
884 2335 926 2405 ab
955 2339 1026 2420 lpsa
1054 2337 1232 2416 sententia,
1264 2353 1348 2417 quae
1375 2334 1455 2397 aliter
1472 2347 1515 2391 4444
1565 2387 1566 2408 ,

361 2460 477 2504 eouexa
500 2451 557 2522 est,
584 2443 771 2522 requiritur,
798 2455 906 2522 neque
929 2441 1042 2524 orutlo
1051 2440 1199 2506 eolreerel
1221 2439 1284 2502 44444
1307 2440 1442 2522 4444449444
1458 2431 1516 2496 4444-
1565 2481 1566 2496 .

361 2542 477 2606 bimus.

449 2647 484 2710 G.
509 2647 737 2720 Centenarium
757 2648 870 2709 horum
891 2643 1115 2710 Auuleotorum
1143 2665 1318 2710 numerum
1345 2665 1381 2721 eo
1400 2640 1516 2722 eouplere
1565 2665 1566 2694 4

361 2753 432 2813 volo
455 2761 489 2814 ut
512 2751 559 2812 eis
575 2769 664 2850 quae
687 2748 848 2832 disputavi
872 2769 935 2813 nou
958 2749 1044 2813 nulla
1060 2748 1194 2812 adiciam
1211 2761 1243 2814 et
1259 2767 1384 2813 errores
1397 2741 1566 2916 quoaer

361 2873 448 2918 meos
471 2855 639 2983 corrigam.
668 2850 746 2936 [tuit
768 2872 901 2937 quaeque
925 2853 998 2917 locis
1021 2855 1138 2916 44444444
1159 2849 1258 2934 suot]
