3182 5132
571 443 740 506 Auctncrt.
1174 424 1245 496 391
1350 541 1351 544 Ἴ

78 645 169 716 potest
191 636 284 713 torri,
311 655 415 717 neque
440 653 513 697 voro
538 633 612 694 lorri
637 634 735 714 magis
761 642 862 712 potest
885 630 1016 705 arundo,
1042 628 1126 709 quod
1151 647 1252 708 nuper

77 738 317 801 commendatum
341 749 400 801 est.
448 757 518 798 nam
543 736 675 798 arationi
699 735 779 796 male
802 732 985 796 adiciuntur
1008 733 1135 794 inventa
1160 749 1251 808 nova,

79 843 125 904 uui
147 844 272 905 invento
295 847 394 904 totuin
418 861 529 922 genua,
556 859 661 920 nuqua
678 849 739 900 tarn
755 836 873 899 arando
890 856 984 917 quarn
1000 837 1129 897 inventa
1143 833 1254 895 arandi

76 955 135 1007 arte
149 946 247 1008 Osiris
270 946 389 1026 aliique
413 943 532 1026 quibus
555 942 587 1005 id
605 941 757 1004 tribuitur
772 942 882 1021 generi
899 941 1035 1002 humano
1052 938 1250 1021 protuerunt,

77 1069 170 1130 noque
193 1070 263 1112 curn
282 1051 430 1112 inventae
447 1048 554 1126 trugas
570 1057 677 1126 postea
693 1045 820 1108 domum
837 1051 1113 1106 conmemorantur
1126 1041 1253 1102 omnino

76 1153 120 1213 hic
148 1172 249 1214 sermo
279 1171 349 1214 esse
380 1153 481 1232 potuit
510 1148 550 1212 de
579 1150 731 1210 aratione.
778 1147 983 1210 scribendum
1006 1147 1111 1228 potius
1133 1153 1181 1206 est
1203 1145 1256 1226 qui

76 1256 213 1318 conando
237 1257 368 1318 inuentis
387 1255 474 1316 novis
490 1255 614 1316 utilitati
627 1253 779 1315 bominum
791 1252 986 1334 prosuerunt.
1026 1249 1171 1311 Manilius
1186 1267 1195 1308 1
1212 1247 1252 1308 79

76 1361 122 1422 sed
142 1380 207 1422 cum
230 1361 321 1442 lonpo
344 1359 408 1421 dies
432 1359 516 1420 acuit
535 1357 679 1419 mortalia
701 1357 795 1418 corda
814 1358 850 1417 lit
866 1355 952 1417 labor
968 1355 1120 1438 inpenium
1134 1353 1255 1414 miseris

77 1464 148 1525 dedit
169 1473 196 1526 et
217 1484 278 1526 sua
299 1481 443 1544 memque
465 1458 643 1544 lid-vimiaco
665 1459 724 1522 sibi
738 1451 833 1522 'iussit
852 1459 980 1540 forlrino
999 1457 1174 1540 premendo,
1199 1457 1255 1516 Di-

77 1567 157 1628 ducto
186 1569 217 1628 iu
248 1567 356 1629 uarias
385 1572 544 1628 certarunt
568 1572 694 1647 pectora
721 1582 830 1642 curos,
863 1565 899 1625 tt
927 1563 1130 1644 quodcumque
1152 1579 1255 1642 sapam

78 1671 236 1751 temptando
271 1671 404 1751 repperit
425 1689 501 1731 usus
525 1671 561 1730 ln
583 1687 737 1730 commuue
759 1667 868 1728 bonum
890 1667 1047 1727 commenti
1067 1666 1147 1727 laeta
1165 1663 1256 1725 dede-

77 1783 148 1835 runt.
196 1777 239 1835 ita
263 1775 348 1836 anim
372 1773 451 1834 haec
471 1771 641 1834 scribenda
663 1791 732 1834 asse
756 1771 832 1832 alias
855 1757 968 1832 docui.¹
1013 1765 1176 1852 [ndat]

150 1878 226 1958 Cap.
246 1879 287 1940 26
311 1877 389 1939 haec
411 1877 561 1958 legimus,
594 1875 666 1957 quid
690 1876 788 1948 Plato,
821 1877 873 1956 qui
895 1873 1033 1935 inuenire
1054 1873 1141 1934 deum
1164 1887 1314 1954 nepo-aas

75 1987 139 2044 tium
160 1982 316 2045 credidit?
338 1999 436 2042 nouae
458 1988 484 2041 et
507 1980 629 2063 ampelos
652 1979 717 2040 sine
739 1980 852 2061 nepotio
874 1985 987 2039 narrat
1009 1983 1036 2039 cl
1051 1977 1214 2038 daemonas
1230 1983 1257 2037 cl

77 2091 103 2148 in
124 2065 278 2170 Symposio
306 2086 396 2147 etiam
424 2103 478 2146 suo
507 2091 653 2146 naturam
683 2083 861 2144 doemonum
891 2083 1067 2162 conprimere
1094 2079 1257 2142 conititur?

79 2193 133 2252 mit
160 2191 241 2252 euim
271 2208 335 2251 esse
358 2188 559 2250 substantium
582 2189 662 2248 inter
684 2186 841 2248 mortalem
864 2185 1127 2266 immortalemque,
1161 2184 1258 2246 idest

78 2295 147 2354 inter
176 2311 288 2374 corpus
311 2293 520 2373 aspaltum,
552 2291 699 2366 mediam,
729 2309 772 2350 erc
793 2309 854 2372 qua
877 2295 973 2350 monet
996 2290 1085 2349 etiam
1107 2307 1162 2350 nos
1181 2307 1258 2368 pro-

77 2398 238 2478 cupidinem
261 2398 376 2458 auroris
399 2403 426 2456 et
449 2395 521 2456 dicit
543 2395 709 2476 informari
730 2401 756 2454 ct
779 2391 876 2454 inlabi
887 2391 1058 2474 pectoribus
1074 2392 1215 2452 humanis
1231 2399 1258 2453 et

78 2520 190 2562 sensum
213 2518 332 2561 mouera
354 2507 381 2560 et
403 2499 540 2580 adfectus
559 2501 674 2580 stupere
696 2505 723 2558 et
736 2497 881 2558 'ardorem
896 2496 1069 2578 cupiditatis
1085 2496 1256 2578 infundere.

79 2603 241 2684 depravata
273 2622 342 2664 esse
374 2611 460 2683 patet
490 2602 542 2663 iila
572 2621 615 2662 eac
636 2621 698 2682 qua
724 2607 822 2662 monet
843 2601 934 2661 etiam
955 2618 1010 2661 nos
1029 2600 1259 2680 procupidinem

79 2710 195 2769 amoris.
241 2715 392 2787 temptata
422 2716 495 2768 sunt
525 2707 616 2786 plura
647 2723 708 2766 non
740 2703 973 2782 memorabilia,
1007 2703 1130 2764 Davisio
1153 2713 1258 2763 autern

79 2810 276 2872 scribendum
291 2808 460 2871 videbatur
475 2829 517 2869 em
532 2827 593 2889 pua
607 2815 704 2870 monet
719 2811 808 2868 etiam
824 2809 912 2868 nasci
922 2807 1116 2888 proripincm
1130 2809 1256 2866 amoris.

80 2925 106 2974 at
132 2916 217 2976 nasci
238 2913 368 2995 quidem
392 2915 459 2973 veri
483 2913 584 2974 simile
609 2921 673 2989 est,
707 2910 860 2973 dissimile
880 2911 1084 2993 pruripiuem.
1130 2909 1260 2990 scripsit

80 3017 200 3080 tortasse
215 3017 370 3079 Minucius
392 3035 435 3076 aa
457 3035 518 3096 qua
539 3023 636 3078 monet
658 3017 748 3076 etiam
771 3017 856 3077 nasci
879 3012 1114 3094 prolubidinem
1132 3015 1256 3076 amom's.

81 3121 190 3182 Nonius
212 3141 243 3201 p.
263 3121 302 3179 64
323 3119 335 3178 4
343 3121 361 3180 2
392 3122 486 3181 Varro
515 3119 551 3180 de
581 3119 688 3200 liupila
710 3121 776 3180 bal.
796 3117 847 3180 lib.
874 3141 890 3179 ν
915 3117 1082 3198 prolubiem
1104 3125 1131 3179 et
1151 3118 1261 3197 prolu-

81 3222 200 3285 bidinem
222 3224 283 3286 dici
305 3222 343 3284 ab
365 3241 397 3284 eo
420 3223 498 3303 prod
522 3222 638 3293 lubeat,
669 3221 751 3283 unde
772 3223 861 3283 etiam
884 3223 970 3284 lucus
999 3223 1119 3283 Veneris
1142 3219 1260 3282 Luben-

81 3327 154 3386 tinae
173 3327 304 3389 clicatur.
353 3345 414 3386 non
438 3336 561 3388 certum
577 3335 626 3387 est
642 3325 727 3405 quod
742 3324 824 3386 docti
841 3333 984 3387 statuunt
1000 3323 1167 3387 raioranda
1184 3325 1260 3386 haec

82 3447 143 3489 esse
163 3429 200 3492 ad
224 3449 261 3492 aa
285 3449 367 3508 quae
390 3428 475 3509 apud
491 3430 664 3491 Varronem
685 3427 764 3489 libro
780 3448 809 3489 vr
833 3449 865 3509 p.
885 3428 945 3491 224
963 3430 1018 3508 Sp.
1036 3428 1196 3508 leguntur,
1221 3425 1260 3488 ab

83 3531 188 3594 libaida
210 3533 301 3598 libido
326 3533 504 3596 libidinosus
527 3553 564 3594 oc
592 3535 688 3594 Venus
711 3532 870 3593 libentiae
892 3539 919 3592 et
941 3531 1089 3604 libitina,
1116 3533 1160 3592 sio
1182 3531 1257 3591 olio.

84 3635 183 3712 quodsi
202 3638 308 3700 nullus
323 3636 432 3698 subest
448 3656 548 3715 error,
574 3636 631 3698 sed
648 3647 738 3696 vatus
754 3636 813 3697 iuit
828 3634 1042 3716 prolubidinis
1058 3633 1257 3712 vocabulum,

84 3755 234 3820 emergere
260 3739 293 3802 id
316 3759 356 3800 ax
379 3740 583 3802 ecclesiastici
604 3739 768 3819 scriptoris
783 3738 865 3799 libro
880 3757 942 3799 non
961 3736 1051 3798 vaide
1066 3737 1181 3798 mirum
1198 3747 1258 3798 est.

159 3846 216 3904 tx.
250 3844 383 3924 Sulpicii
406 3845 517 3905 Severi
548 3842 639 3905 libris
662 3841 812 3905 adcurate
836 3840 1012 3903 emendatis
1035 3841 1174 3902 Halmius
1197 3859 1259 3901 non

85 3945 178 4010 minus
199 3947 281 4009 hene
307 3948 439 4009 maritus
461 3957 509 4008 est
532 3965 626 4027 quarn
650 3948 778 4008 Octavio
799 3945 937 4008 Minucii.
985 3943 1041 4006 sad
1064 3943 1104 4006 de
1127 3944 1260 4006 mondo-

85 4047 204 4112 sissimis
231 4049 340 4113 vorbis
363 4069 444 4130 qnae
468 4053 500 4111 in
523 4050 649 4131 Dialogo
665 4069 686 4110 n
705 4051 777 4110 443
803 4050 951 4128 leguntur
973 4048 1066 4108 aliter
1087 4054 1182 4127 atque
1207 4048 1260 4108 illa

87 4147 151 4212 iecit
178 4153 381 4217 iudicandum
410 4173 479 4215 osse
503 4173 628 4216 conseo.
676 4161 751 4234 puto
775 4153 859 4214 enim
884 4153 925 4212 ita
948 4148 1152 4211 scribendum
1176 4169 1257 4230 esse,

88 4255 232 4332 Lucontius
254 4277 296 4320 ea:
318 4259 457 4334 vicariis,
483 4260 533 4318 uir
551 4257 660 4337 fidelis,
686 4276 753 4318 cum
773 4256 925 4336 familiam
941 4237 1105 4317 illius'lues
1121 4261 1261 4316 contremo

89 4369 204 4423 cenaret
225 4369 251 4423 et
274 4361 431 4422 inauditae
453 4361 637 4423 calamitatis
660 4361 798 4442 eaeemplo
817 4378 875 4442 per
890 4365 981 4420 totam
995 4358 1116 4419 domum
1131 4376 1261 4439 corpora

89 4479 173 4542 oepro
189 4464 429 4545 procumberent,
456 4466 586 4526 Martini
603 4483 661 4544 per
684 4465 801 4528 litteras
817 4463 983 4544 inplorauit
997 4462 1163 4524 annalium.
1203 4481 1260 4543 quo

88 4569 203 4645 tempore
230 4571 279 4630 uir
304 4568 409 4630 beatus
433 4587 500 4630 rem
523 4587 593 4630 esse
616 4586 787 4649 persuasus
810 4566 927 4648 difficili
948 4566 1147 4647 impetratione
1171 4565 1258 4647 (uam
