3252 5130
330 375 403 448 644
821 388 1018 454 Auvxssssu.

414 579 503 640 Vllll.
527 576 711 642 Ammianus
732 580 928 644 Marcellinus
951 600 1001 644 x1v
1026 582 1045 643 2
1070 583 1088 642 7
1119 599 1211 664 qnam
1240 579 1275 642 ab
1299 599 1363 641 rem
1385 581 1508 642 circum-

327 689 429 764 specta
451 682 570 744 cautela
593 681 786 746 observatum
807 691 851 747 est
873 683 1014 766 deinceps
1044 706 1080 746 rr
1100 703 1168 748 cum
1190 684 1272 746 edita
1297 684 1441 744 mmmm
1458 702 1507 764 pe-

329 793 393 847 tere
414 787 572 867 coeperint.
586 793 780 868 promotores
803 787 863 850 loci
883 789 1040 870 iniquitate
1062 789 1172 851 milites
1197 808 1322 850 ascesa.

457 887 555 950 codex
577 896 606 950 et
627 922 667 935 -
690 889 809 952 cedunt.

374 1025 421 1069 xiv
446 1011 464 1070 6
490 1008 526 1068 43
551 1010 673 1091 apnitus
702 1027 774 1071 cero
806 1011 927 1072 tandem
957 1018 985 1074 et
1013 1011 1149 1074 adscitus
1176 1015 1209 1073 in
1239 1011 1405 1073 amicitiam
1432 1009 1507 1071 site

461 1112 621 1173 salutandi
642 1111 824 1176 adsiduitati
844 1113 964 1176 dedmis
987 1116 1118 1176 triennia
1141 1113 1325 1176 minoretur
1347 1120 1376 1175 et
1392 1131 1449 1194 per
1466 1118 1507 1172 to-

459 1214 549 1276 tidem
571 1213 705 1295 defueris
728 1224 855 1297 tempus,
882 1239 1063 1280 senescens
1084 1217 1126 1280 ad
1144 1219 1240 1299 paria
1259 1215 1444 1298 perferenda
1458 1233 1507 1275 nec

457 1316 510 1378 ubi
537 1336 617 1380 esses
645 1321 850 1402 interropatus
873 1327 901 1382 et
922 1339 979 1402 quc
1002 1321 1123 1384 tandem
1144 1323 1238 1383 miser
1260 1320 1436 1382 discesseris
1457 1335 1505 1378 ae-

459 1426 550 1481 tatem
572 1439 687 1482 omnem
706 1421 830 1502 frustra
853 1423 885 1484 in
907 1423 1008 1504 stipite
1030 1431 1163 1486 cauteres
1185 1423 1408 1485 summittendo.

457 1521 556 1584 codex
577 1525 752 1587 reverteris.

373 1663 421 1706 xiv
445 1644 463 1702 6
490 1643 528 1703 li>
551 1643 684 1706 homines
707 1646 786 1706 enim
808 1644 943 1708 eruditos
965 1654 993 1708 et
1014 1645 1130 1709 sobrios
1151 1653 1186 1707 ut
1205 1642 1358 1726 infaustos
1380 1651 1407 1706 et
1422 1663 1507 1704 urm-

456 1767 511 1808 eos
532 1747 640 1809 vitant.

458 1845 573 1910 codex:
600 1850 738 1928 inutiles,
757 1851 891 1912 correxit
906 1851 1157 1913 Hemstcrhusius
1173 1853 1298 1914 Lucina.
1324 1861 1347 1912 t.
1365 1869 1376 1911 1
1392 1868 1423 1929 p.
1438 1849 1502 1908 ttt.

378 1989 427 2030 xiv
451 1974 468 2030 6
494 1969 533 2030 ⁴7
553 1971 738 2050 praepositis
770 1969 910 2032 urbanae
940 1971 1080 2052 familiae
1108 1993 1166 2033 sss
1196 1967 1508 2053 permaneremus

458 2072 582 2134 sollicite
603 2107 647 2118 —
668 2090 754 2134 omne
775 2076 944 2135 textrinum
967 2073 1085 2135 incedit.
1304 2067 1314 2084 ⁶

457 2175 554 2236 codex
576 2193 755 2256 suspensae.

376 2313 429 2356 xvi
452 2295 470 2354 5
496 2295 533 2356 lt
558 2294 601 2356 ad
615 2296 754 2356 ultimum
770 2299 905 2376 acceptis
920 2298 1056 2358 victoriis
1077 2315 1133 2377 per
1148 2314 1226 2378 quas
1249 2302 1407 2357 vastantes
1428 2311 1509 2374 saepe

461 2398 605 2459 incolumi
626 2400 817 2460 contumacia
839 2397 989 2460 barbaros
1001 2398 1085 2480 fudit
1101 2421 1174 2468 amo
1194 2395 1350 2480 profuerit
1370 2396 1509 2459 andelau-

458 2499 537 2563 tibus
559 2508 700 2562 emnema
719 2502 855 2581 penuria
880 2502 978 2564 Gallis
999 2501 1069 2564 irinc
1090 2501 1228 2564 maxime
1243 2501 1341 2563 claret
1356 2500 1435 2583 quod
1454 2507 1505 2560 etc

458 2601 557 2664 codex
578 2603 667 2685 quad.

373 2742 420 2784 xvi
444 2723 462 2783 7
487 2724 505 2782 5
530 2743 622 2806 quam
647 2726 677 2786 si
699 2724 847 2786 Constans
870 2723 1037 2805 imperator
1058 2725 1129 2786 otim
1151 2741 1193 2785 ecc
1215 2715 1508 2808 adulto<1rrsnsu)

460 2847 581 2896 unove
601 2833 756 2888 maturum
778 2825 901 2887 audiret
922 2826 1047 2889 honesta
1069 2825 1246 2889 suadentem
1268 2832 1297 2886 et
1319 2831 1414 2903 recta,
1432 2823 1511 2885 nulla

460 2929 508 2991 ael
532 2929 620 2990 certia
641 2937 721 2992 certe
742 2927 836 3010 dipna
853 2937 1019 3010 peccasset.

461 3030 559 3093 codex
582 3031 684 3093 adulto
703 3076 896 3092 ..........
916 3039 1045 3113 teneque.
1085 3030 1226 3093 Valesius
1248 3029 1388 3110 neglecta
1411 3028 1509 3090 lacuna

463 3137 595 3216 iamque3
621 3131 782 3214 praecedit
803 3133 843 3195 de
866 3133 1004 3195 Eutherii
1027 3131 1236 3197 adulescentia
1260 3133 1408 3194 namatio.

376 3272 435 3314 xvii
462 3256 475 3314 1
502 3253 522 3314 Ξ
545 3273 633 3315 amor
662 3255 742 3315 enim
767 3261 838 3334 past
866 3253 1043 3314 documenta
1070 3253 1258 3336 [laprantior
1285 3253 1374 3334 sequi
1395 3249 1511 3312 libenter

462 3355 601 3418 hortatus
623 3365 668 3419 est
689 3357 786 3418 amnis
808 3373 919 3436 operae
940 3357 1159 3418 conturmalem
1175 3357 1359 3417 auctoritate
1380 3353 1510 3435 mapnifi-

460 3477 528 3520 cam
557 3458 663 3520 ducem
688 3459 761 3539 plus
789 3457 905 3520 laboris
934 3458 1066 3520 indicere
1094 3457 1153 3520 sibi
1181 3475 1273 3540 quam
1300 3457 1407 3534 militi,
1440 3456 1510 3517 sicut

458 3563 620 3644 perspicue
644 3582 811 3640 consuram,
837 3568 965 3623 suetum.

460 3662 558 3726 codex
580 3667 711 3748 coutipit.

378 3786 437 3829 xvii
462 3768 501 3829 li
526 3768 563 3828 ⁴3
589 3770 681 3830 navis
704 3767 915 3848 amplitudinis
938 3766 1067 3829 antehac
1081 3763 1452 3846 mmursrsaaedificata
1472 3769 1510 3824 est

461 3869 517 3932 sub
540 3873 680 3932 trecentis
703 3868 867 3953 remipibus
889 3871 1051 3953 apitando.

462 3971 558 4034 codex
581 3975 759 4035 inusitatae.
802 3972 910 4035 eadem
934 3972 1151 4036 emendatione
1174 3989 1253 4051 opus
1274 3979 1324 4032 est
1344 3972 1377 4032 in
1399 3967 1509 4032 Noussii

463 4075 648 4156 panegyrico
664 4076 704 4135 35
729 4077 809 4138 circo
831 4076 894 4157 ipsi
913 4077 1050 4136 maaeimo
1073 4073 1216 4137 sublimes
1229 4075 1369 4155 porticus
1391 4081 1418 4136 et
1438 4071 1509 4133 ruti·

464 4176 561 4238 lantes
591 4196 669 4239 auro
699 4178 854 4240 columnae
882 4185 1000 4240 tantum
1028 4197 1203 4240 mucium
1224 4183 1353 4239 mutatus
1375 4175 1510 4238 murum

463 4287 497 4340 ut
518 4287 577 4340 etc.
603 4289 634 4341 et
655 4279 741 4360 apud
761 4279 973 4361 Apollinarem
996 4279 1160 4344 Sidonium
1183 4279 1275 4360 epist.
1300 4297 1342 4340 vn
1368 4280 1380 4338 l
1407 4297 1437 4360 p.
1456 4277 1508 4337 tii

466 4382 560 4442 Sirm.
593 4390 620 4442 et
649 4401 717 4445 ciem
747 4385 778 4444 iu
808 4391 966 4465 carrspectu
984 4383 1120 4465 pavidae
1138 4381 1236 4464 plebis
1259 4381 1373 4444 dudo
1394 4381 1454 4444 solo
1473 4379 1512 4442 tui

465 4487 601 4565 corporis
624 4487 702 4568 ipnis
725 4505 868 4549 recussus
890 4488 922 4548 in
939 4493 1056 4569 terpum
1067 4485 1207 4568 supitiais
1221 4483 1363 4565 [lucibus
1378 4487 1510 4547 sinuare-
1601 4493 1603 4497 ·
