3160 5132
320 437 391 512 106
574 448 787 516 Anananucar
808 469 902 514 cunm
924 469 983 514 nro
1005 469 1247 516 communicem.

315 641 506 704 miserrimis
535 639 636 703 modis
657 659 676 704 a
698 639 840 710 librariis
861 642 1172 720 contaminarentur,
1202 640 1282 705 adeo
1304 651 1340 705 ut
1361 643 1490 724 saepius·

316 745 386 808 cule
418 745 452 806 in
478 763 542 808 uno
575 745 733 810 versiculo
766 744 827 810 trio
859 743 959 810 verba
993 744 1027 808 in
1054 743 1170 810 mendo
1197 744 1333 826 cubent,
1370 765 1490 827 qucmm

316 867 416 914 unum
437 846 478 913 ab
501 847 628 912 indocto
649 843 754 912 scriba
776 846 964 928 proiectum,
989 847 1114 928 reliqua
1134 865 1153 910 a
1175 857 1366 928 correctore,
1391 851 1442 931 qui
1457 850 1492 912 ad

316 949 441 1017 scribac
457 969 600 1016 arsuram
615 961 721 1016 cetera
736 949 1030 1016 accommodaverit.
1056 949 1113 1014 scd
1124 959 1197 1015 ente
1209 971 1320 1016 omnes
1331 953 1359 1016 is
1369 955 1493 1034 scriptor

317 1056 371 1136 qui
402 1073 489 1120 nune
510 1055 655 1120 Manilius
683 1053 874 1136 perhibetur
896 1055 985 1120 iratis
1006 1053 1148 1119 librariis
1170 1064 1263 1120 naurs
1284 1065 1344 1118 cst.
1391 1058 1424 1120 in
1444 1077 1493 1138 pa-

317 1159 390 1240 gina
413 1167 583 1240 postrema,

401 1265 430 1324 Ε
447 1279 575 1326 cantero
597 1279 770 1343 summoque
790 1260 909 1344 pactus
930 1279 1023 1344 quum
1045 1261 1183 1346 iuupitur
1205 1281 1315 1346 capua,

315 1367 386 1447 lege

402 1471 575 1532 Enumerc
596 1485 775 1540 sustineus
797 1466 915 1550 modus
937 1485 1086 1534 ntatuccrr
1109 1487 1264 1542 crunnus

315 1573 368 1636 vel
390 1574 559 1656 dastiupua't.

404 1677 536 1759 (loroque
557 1693 639 1758 cupa
659 1679 705 1738 ert
725 1671 781 1738 itta
802 1680 831 1738 at
852 1676 944 1738 terre
966 1691 1025 1739 cuc
1046 1674 1164 1738 lumine
1185 1675 1296 1753 condit,

316 1781 386 1862 iege
798 1809 800 1812 ·

405 1883 537 1965 Quaque
559 1899 652 1944 vicu
674 1899 799 1945 emanas
820 1899 957 1944 ramnus
979 1899 1038 1944 suc
1060 1882 1177 1945 lucaico
1199 1901 1349 1948 connum.
1376 1919 1413 1936 -·

404 1972 567 2050 Sa‘e‘etr'nm
589 2003 698 2069 maeno
720 1983 870 2068 maedam
891 1985 1075 2066 respondere
1095 1985 1207 2048 munde

403 2092 486 2154 Haec
506 2098 623 2154 actura
640 2089 729 2172 sarit,
754 2107 832 2171 quoe
853 2087 929 2152 cccli
948 2087 1080 2152 condidit
1100 2087 1212 2166 mocon,

318 2196 387 2276 iege

370 2291 371 2296 ’
405 2299 456 2360 Sic
477 2299 568 2361 etiem
590 2316 621 2360 m
642 2314 752 2380 mopso
774 2313 825 2359 nra
847 2293 998 2376 pucilam
1019 2313 1193 2359 nurerum
1214 2295 1338 2378 mundo,

405 2403 491 2475 Qmu
513 2407 630 2464 notura
648 2399 736 2482 scon,
761 2417 838 2481 quae
859 2415 951 2464 nanno
974 2397 1108 2464 condidit
1128 2387 1243 2464 urricus.¹

258 2521 459 2586 ooancndum
487 2523 615 2585 tertiam
641 2517 831 2582 mendorum
858 2528 982 2600 partam
1010 2517 1103 2599 dedi,
1136 2537 1219 2600 quae
1249 2521 1281 2582 in
1310 2523 1426 2603 pagina
1447 2525 1500 2586 ista
1567 2549 1568 2598 3

317 2626 588 2689 nunciarentur.
635 2621 786 2705 equidem
815 2623 849 2684 in
872 2621 934 2684 duc
963 2639 1081 2704 genera
1103 2620 1286 2704 dispescere
1308 2625 1394 2690 solco
1416 2645 1500 2688 veras
1567 2617 1568 2632 ¹

317 2728 574 2792 emendationes:
607 2727 664 2789 has
693 2727 817 2808 appelle
848 2727 1086 2806 grammaticas,
1118 2745 1201 2807 quae
1225 2727 1258 2788 in
1281 2726 1421 2792 dictione
1442 2730 1499 2792 scia
1567 2749 1568 2808 l

316 2843 478 2914 tamquam
500 2833 533 2893 in
554 2829 725 2912 supcriicie
740 2838 926 2907 versantur3
953 2828 1023 2892 illas
1038 2823 1173 2914 λογικάς,
1198 2831 1379 2912 rationales,
1405 2832 1501 2914 philo-
1567 2849 1568 2856 ¹

316 2935 478 3017 sophicae,
504 2934 758 3014 mathematicas,
784 2951 865 3014 quae
888 2952 960 2996 eum
984 2931 1080 2996 dictio
1101 2935 1178 2996 satis
1200 2950 1276 2996 sana
1299 2934 1446 2999 videatur
1465 2955 1499 2996 ex
1567 2999 1568 3002 ,

318 3041 381 3101 imo
403 3040 579 3102 sententiae
601 3035 700 3100 lundc
722 3035 860 3098 iciiciter
883 3045 1051 3099 eruuntur.
1099 3037 1223 3102 Priores
1245 3037 1296 3100 vel
1311 3057 1329 3100 a
1344 3027 1499 3100 codicibus
1567 3029 1568 3032 '

318 3142 453 3204 vetustis
475 3139 733 3224 suppeditantur,
760 3140 848 3201 etin
872 3141 924 3206 lilc
947 3159 1065 3220 genere
1086 3135 1194 3206 celici
1216 3150 1291 3204 sunt
1308 3133 1500 3226 aepiscopi*
1567 3131 1568 3216 j

318 3267 383 3330 per,
416 3245 449 3306 in
472 3245 572 3306 altero
593 3245 706 3330 παῦροι
727 3236 848 3329 βάκχοι.
895 3243 991 3306 huius
1013 3243 1127 3324 cpiucr
1149 3243 1233 3307 modi
1257 3253 1307 3307 ast
1328 3243 1498 3307 emendatio
1567 3249 1568 3254 ’

317 3350 434 3412 Lucani
457 3367 479 3410 1.
497 3347 573 3410 322.

471 3469 534 3532 ilco
555 3486 649 3533 cruor
671 3463 791 3529 Arctois
812 3468 924 3530 meruit
945 3467 1079 3549 difficere
1101 3469 1134 3530 io
1156 3469 1244 3530 arvos

477 3572 666 3653 Vulneraque
688 3578 716 3632 et
736 3576 847 3633 mortes
868 3569 1036 3652 hiemesque
1058 3570 1113 3634 sub
1136 3567 1264 3654 Alpibus
1287 3577 1383 3634 cetae.

317 3695 431 3757 laisum
460 3703 507 3756 est
538 3712 578 3756 ex
600 3693 731 3754 historia
758 3690 813 3754 sud
835 3687 983 3774 Alpinum
1015 3701 1046 3754 et
1068 3701 1236 3774 praeterea
1259 3691 1406 3778 regiones
1430 3693 1497 3758 istae

315 3800 485 3882 cpulentae
508 3805 541 3859 et
561 3813 711 3860 arncenae
733 3805 841 3858 oontrc
864 3795 1067 3857 sententiam.
1114 3796 1210 3858 stulte
1233 3813 1359 3878 quoqne
1374 3803 1496 3867 merim

315 3904 406 3964 vivos
428 3910 515 3964 certe
539 3899 656 3964 milites
677 3897 910 3982 alioquebatur.
958 3899 1087 3984 scripsit
1108 3908 1217 3966 auctor

477 4021 667 4110 Vulneraque
689 4028 717 4088 et
737 4039 859 4092 normas
882 4019 1065 4086 accusauit
1088 4037 1230 4092 ratariae
1243 4026 1340 4087 actae.

317 4163 406 4210 crrcr
436 4143 560 4210 librarii
588 4139 716 4224 Alpino
744 4161 804 4224 pro
829 4140 980 4223 potitium
1015 4159 1078 4221 qno
1106 4141 1206 4209 semol
1235 4139 1373 4209 admisso
1401 4149 1497 4206 cetera
1567 4175 1568 4190 1

316 4257 475 4314 corrector
498 4246 713 4328 interpolavit.
752 4263 798 4317 tu.
818 4245 893 4316 tao.
1567 4249 1568 4260 ¹

471 4352 597 4433 Quaque
615 4349 721 4432 ferens
743 4349 888 4431 rapidum
910 4347 1008 4416 diviso
1028 4349 1148 4432 φατρία
1166 4345 1281 4428 {cutem

479 4453 575 4524 Vastis
597 4452 695 4516 lucre
718 4453 806 4534 opus
827 4453 962 4520 mattam
983 4471 1045 4516 ocu
1065 4451 1159 4519 aaut
1179 4449 1356 4532 Hydaspes.

319 4557 413 4639 quale
443 4573 561 4638 quaeso
590 4565 639 4624 cst
663 4554 749 4637 ferra
773 4555 888 4638 scetem
917 4563 973 4623 cut
1000 4555 1131 4636 rupidus
1157 4552 1252 4636 sous?
1280 4555 1400 4622 Fontem
1419 4545 1497 4614 dedii
