3182 5132
371 383 444 452 410
765 397 809 457 Ex
833 415 929 458 ιιιιιιι
953 398 1157 459 Bsaotmxssr.

370 605 398 647 ιι
416 587 453 646 li
477 584 609 647 Archias
637 587 772 647 variavit
795 605 823 648 vr
848 586 886 647 lh
912 586 971 647 479
994 587 1054 646 tst
1073 586 1150 663 l8l,
1182 583 1341 667 Antipatri
1364 587 1524 666 epigramma

369 708 398 751 ιι
414 689 476 752 206
501 690 633 752 variavit
650 709 678 750 ιι
695 689 769 770 207,
796 693 1023 771 epigrammate
1038 708 1079 752 ιιι
1095 691 1136 750 68
1152 690 1313 770 expressit
1334 690 1524 770 epigrammata

369 792 527 874 Antipatri
545 811 585 854 ru
603 793 642 853 66
659 803 690 855 et
712 791 871 856 Leonidae
887 793 996 874 vri-er,
1027 792 1169 873 denique
1199 793 1231 852 in
1257 790 1409 854 Planudea
1427 789 1525 852 Antho

370 896 452 977 logia
467 915 496 957 ιι
514 895 574 956 tra
590 894 723 958 Archias
745 897 830 959 idem
854 906 1078 978 argumentum
1102 905 1214 958 tractat
1237 893 1324 975 quod
1337 893 1486 976 Antipater
1502 895 1523 952 in

369 997 581 1081 praecedente
610 999 656 1060 ibi
685 1001 924 1081 epigrammate.
972 1018 1034 1061 non
1063 1001 1165 1061 ausim
1189 998 1356 1061 adfirmare
1377 997 1524 1061 cornhilla

370 1105 596 1184 epigrammata
619 1122 702 1185 quae
725 1105 946 1166 inscribuntur
966 1095 1083 1189 Ἀρχίου
1106 1104 1203 1166 unius
1219 1123 1290 1165 csse
1305 1113 1411 1184 poetae
1429 1103 1524 1182 {quam

370 1226 466 1287 quarn
488 1226 529 1268 ne
553 1225 610 1269 cur
633 1225 747 1286 negem
770 1207 901 1288 quidem
924 1225 1049 1269 causam
1074 1205 1193 1290 video),
1226 1225 1332 1287 neque
1354 1203 1473 1286 inprobo
1490 1203 1524 1264 la

370 1309 468 1372 cobsii
482 1310 639 1390 insignem
653 1311 699 1372 eis
712 1312 937 1391 praestantiam
950 1313 1095 1391 negantis
1107 1310 1280 1373 iudicium:
1301 1309 1380 1371 illud
1390 1308 1523 1376 adserere,

369 1414 452 1475 nihil
473 1415 507 1474 in
530 1415 578 1476 eis
600 1433 670 1476 esse
691 1413 778 1494 quod
794 1433 856 1477 non
872 1416 1012 1496 potuerit
1027 1415 1190 1476 Ciceronis
1205 1423 1307 1475 aetate
1325 1411 1428 1476 scribi.
1462 1407 1525 1490 quod

369 1529 475 1580 autem
501 1517 611 1580 Cicero
634 1519 744 1580 Licinii
774 1515 911 1580 Archiae
939 1520 1105 1599 ingenium
1135 1535 1247 1597 magno
1277 1515 1417 1579 laudavit
1441 1531 1523 1595 opero,

369 1623 521 1683 nimirum
545 1620 618 1683 iecit
642 1621 675 1682 id
697 1623 729 1682 in
746 1623 887 1684 oratione
903 1641 966 1702 qua
982 1641 1055 1684 eum
1072 1621 1216 1685 defendit
1231 1619 1450 1701 iudicibusque
1462 1635 1526 1678 con

370 1724 544 1788 mandavit.
592 1734 624 1786 et
653 1727 757 1806 potuit
784 1724 917 1788 Archias
946 1727 978 1786 in
1008 1725 1079 1786 aliis
1112 1725 1217 1805 poesis
1245 1723 1417 1804 generibus
1441 1721 1526 1783 melior

370 1849 440 1891 esse
464 1847 559 1908 quam
581 1830 614 1889 in
638 1831 885 1910 epigrammatis.
926 1831 1032 1910 itaque
1053 1848 1128 1890 sane
1145 1827 1321 1909 probabilis
1336 1828 1412 1889 mihi
1425 1824 1527 1886 ridetur

310 1947 441 1995 rotasse
470 1951 580 1995 eorum
608 1934 765 1994 sententia
794 1935 849 2012 qui
873 1921 1014 1995 Archiae¹
1044 1932 1097 1993 illa
1126 1932 1354 2013 epigrammata
1377 1929 1525 1992 tribuerunt

368 2035 586 2099 Antiochensi.
633 2036 746 2098 videor
766 2046 872 2099 autem
896 2037 973 2097 mihi
997 2037 1078 2098 hano
1100 2035 1357 2117 probabilitatem
1372 2039 1525 2114 argumenta

369 2159 486 2220 augere
501 2159 594 2220 posse
610 2139 695 2202 haud
710 2141 802 2221 plane
820 2140 955 2201 infirmo.
982 2159 1076 2202 unam
1094 2158 1162 2199 rem
1178 2157 1314 2219 eamque
1329 2137 1370 2200 ab
1382 2139 1526 2200 otiisooec

369 2253 475 2324 patam
490 2240 622 2305 Archias
645 2254 796 2325 quattuor
819 2245 1082 2324 epigrammatum
1099 2245 1252 2304 varietate
1269 2245 1433 2324 expressit.
1467 2237 1524 2298 nibil

370 2349 470 2428 magis
492 2365 669 2428 congruere
692 2357 797 2426 potest
819 2368 891 2412 cum
907 2347 1045 2408 hominis
1059 2348 1189 2428 ingenio
1204 2347 1297 2427 quale
1315 2346 1420 2408 Cicero
1435 2346 1462 2405 in
1473 2358 1526 2401 ora

370 2453 456 2513 tione
484 2471 542 2513 sua
565 2449 638 2533 §ts
662 2450 850 2532 descripsit:
882 2453 1018 2533 quotiens
1041 2470 1092 2533 epo
1114 2449 1195 2512 hooc
1216 2449 1362 2512 Archiam
1384 2448 1445 2510 vidi
1462 2445 1526 2526 (utor

370 2557 450 2615 eaim
480 2563 584 2616 oestro
611 2553 809 2636 beaipnitote,
841 2556 985 2637 quoniam
1012 2573 1058 2615 mc
1081 2537 1113 2614 ia
1135 2554 1189 2616 hoc
1211 2573 1287 2616 novo
1310 2545 1528 2638 generedicendi

371 2666 433 2720 tom
460 2657 620 2741 diligenter
648 2658 833 2738 attenditis),
866 2659 1003 2741 quotieas
1031 2677 1083 2740 epo
1110 2657 1190 2719 bunc
1216 2658 1298 2734 vidi,
1331 2675 1398 2718 cum
1424 2656 1525 2716 lt'uerna

370 2763 543 2843 scripsisset
571 2761 706 2838 nullom,
738 2781 881 2844 aramum
908 2781 1070 2822 rrumerum
1091 2761 1273 2843 optimorum
1296 2777 1437 2820 casuum
1455 2756 1484 2816 dr
1501 2753 1526 2810 itt

309 2889 317 2898 ·
371 2865 446 2945 apsis
474 2864 566 2926 rebus
595 2883 672 2946 quoe
700 2873 763 2926 tum
793 2873 957 2947 operentur
985 2866 1085 2927 dicere
1106 2884 1149 2925 em
1171 2873 1321 2945 tempore,
1352 2863 1475 2944 quotam
1492 2873 1527 2914 re-

248 2977 253 2985 “
371 2976 511 3031 cocetum
530 2968 655 3030 condem
672 2987 736 3030 rem
748 2969 848 3030 dicere
862 2971 1043 3030 conmutatis
1056 2967 1156 3048 verbis
1169 2975 1258 3050 cipue
1276 2967 1438 3028 sententias.
1460 2958 1528 3048 <eon-

371 3082 524 3134 memorat
554 3073 802 3152 extemporalem
824 3069 960 3134 Archiae
984 3072 1164 3135 facilitatem
1187 3071 1349 3132 coniuncti
1372 3085 1438 3130 cum
1457 3064 1526 3126 Anti-

370 3185 459 3255 patro
482 3173 611 3237 Sidonio
634 3176 849 3248 Quintilianus
871 3171 1010 3262 xlta).

457 3277 522 3341 Sed
544 3279 658 3360 Thyilli
689 3297 834 3359 quoque,
867 3282 959 3342 cuius
987 3280 1081 3342 simul
1104 3297 1176 3341 cum
1197 3274 1314 3338 Archia
1339 3276 1440 3338 Gieem
1459 3287 1526 3332 men·

370 3385 488 3445 tionem
519 3382 611 3459 lecit,
643 3382 762 3462 aliquot
791 3392 899 3444 extare
924 3393 998 3464 puto
1021 3384 1172 3444 carmina.
1220 3379 1433 3462 epigrammati
1453 3373 1525 3436 Anth.

372 3487 433 3548 Pal.
459 3505 498 3547 ιιι
522 3486 582 3548 223
613 3487 800 3567 inscriptum
829 3496 877 3548 est
905 3483 1052 3563 sotum,
1088 3486 1145 3546 ab
1176 3479 1305 3560 Ooiltoo,
1337 3473 1526 3558 vitiosos

371 3585 464 3668 Adeo,
497 3609 535 3652 ex
566 3607 628 3668 quo
657 3601 743 3651 recte
770 3586 900 3652 Θυῖλλου
931 3591 1086 3652 lecerunt.
1135 3591 1167 3650 in
1191 3587 1350 3650 Planudea
1372 3581 1526 3658 Anthologia

372 3695 563 3774 epigramma
582 3692 660 3754 illud
677 3713 694 3754 x
710 3693 729 3752 6
746 3686 887 3778 Σατύρου
903 3690 1033 3756 &uilloc
1050 3694 1239 3773 inscriptum
1254 3701 1322 3754 est:
1349 3689 1430 3770 quod
1444 3697 1526 3749 utruu

372 3807 457 3858 recte
486 3796 601 3859 lactum
632 3798 734 3858 sitan
759 3799 864 3878 potius
888 3799 988 3858 errori
1011 3795 1221 3858 tribuendum
1249 3793 1331 3874 (nam
1355 3785 1477 3876 Σατύρου
1495 3795 1527 3846 ssi

372 3899 458 3979 quod
474 3902 620 3980 sequitur
635 3901 830 3980 epigramma
852 3919 869 3961 x
886 3903 904 3961 6
922 3900 1072 3982 idemque
1088 3898 1185 3962 habet
1199 3895 1428 3980 argumentum)
1445 3895 1526 3957 stae

372 4021 435 4065 non
463 4021 601 4084 possum.
650 4005 763 4083 Thyilli
788 4013 894 4066 autem
918 4023 1032 4066 nomen
1056 4017 1120 4066 tam
1144 4021 1251 4066 rarum
1274 4011 1323 4064 est
1344 4010 1379 4064 ut
1400 3995 1528 4061 lacobsios

371 4105 468 4167 Anth.
488 4117 509 4172 t.
530 4125 583 4167 xm
606 4126 638 4187 p.
658 4107 718 4167 950
736 4127 769 4170 se
788 4107 818 4168 id
839 4107 914 4169 alibi
931 4111 1114 4189 repperisse
1131 4117 1225 4188 neget
1239 4125 1344 4187 neque
1360 4125 1415 4184 ego
1428 4107 1529 4184 practer

374 4209 534 4272 Ciceronis
561 4211 714 4290 epistulas
737 4221 769 4272 et
790 4209 1009 4290 Anthologiam
1034 4212 1183 4274 Graecam
1206 4227 1339 4290 usquam
1362 4209 1459 4287 legere
1478 4219 1528 4262 m&

373 4314 532 4374 minerim.
581 4315 695 4377 mirum
720 4314 859 4395 prolecto
877 4325 960 4376 esset
975 4317 1001 4376 si
1018 4315 1081 4377 duo
1098 4313 1234 4378 luissent
1250 4323 1361 4395 poetae
1376 4309 1474 4372 Graeci
1486 4301 1526 4382 qul

373 4427 436 4479 tam
461 4436 568 4480 rarum
592 4437 706 4478 nomen
731 4419 896 4480 haherent.

460 4522 589 4584 LXXIV.
623 4521 730 4582 Cicero
761 4521 801 4583 ad
830 4520 969 4583 Atticum
987 4541 1014 4582 rr
1031 4516 1074 4602 ib,
1108 4539 1190 4602 quae
1222 4521 1357 4602 epistula
1387 4520 1415 4580 in
1435 4507 1527 4574 Aulidi
