3152 5128
473 416 642 478 Truornaus
665 417 807 478 Gazoros.
1158 403 1229 472 277

68 599 322 686 Ποταμογαλλῖται,
347 604 388 667 ad
409 623 504 684 quem
520 605 717 668 Timotheum
735 605 938 669 referendum
954 607 994 668 sit
1009 606 1133 668 nescio:
1160 625 1231 668 nam

65 705 137 784 quod
157 725 173 767 a
196 707 361 768 Plutarcho
384 707 424 770 de
448 709 535 770 llum.
554 710 604 770 3l
634 731 664 790 p.
686 704 784 770 tt5t⁴¹
807 717 1068 771 commemoratur
1084 702 1232 792 Τιμόθεος

63 808 90 870 ἐν
112 801 146 871 ια’
166 805 232 893 περὶ
254 813 408 894 ποταμῶν,
434 811 632 876 mendacium
657 825 715 875 est.
1094 801 1098 810 ⁵

135 913 295 976 Chorioius
317 915 350 976 in
375 915 436 977 fine
453 917 602 978 orationis
618 935 680 997 qua
696 917 851 996 picturam
867 935 948 998 quae
965 917 1065 978 Gazae
1082 925 1150 977 erat
1172 915 1231 978 de-

60 1015 159 1078 sorihit
179 1018 375 1080 Timotheum
397 1017 536 1099 aliquem
553 1021 608 1099 qui
625 1020 779 1099 picturam
797 1020 881 1081 illam
896 1019 1015 1080 civitati
1032 1018 1114 1081 dono
1129 1018 1232 1081 dede-

62 1129 103 1180 ret
130 1119 242 1182 tumida
266 1121 360 1184 laude
383 1121 533 1184 celebrat.
580 1121 720 1202 Angelus
743 1123 857 1200 llaius,
890 1123 946 1202 qui
970 1141 1038 1183 cam
1060 1123 1231 1184 orationem

61 1225 87 1282 in
115 1223 272 1304 Spicilegii
302 1226 432 1286 Romani
462 1235 527 1287 tv
556 1225 673 1303 edidit,
706 1225 902 1287 Timotheum
934 1227 1170 1304 grammaticum
1201 1235 1232 1288 et

58 1337 168 1404 poetam
180 1328 430 1408 intellegendum
443 1347 512 1392 esse
528 1331 663 1391 censuit.
696 1328 737 1390 de
750 1347 812 1408 qua
828 1347 862 1389 re
875 1327 1083 1391 Btissonadus
1095 1329 1231 1391 Choricii

59 1451 85 1508 p.
105 1427 159 1491 l72
182 1430 362 1510 prudenter
382 1430 550 1495 dubitavit.
597 1451 671 1495 nam
685 1434 801 1494 mirum
816 1451 893 1494 sane
909 1442 992 1494 esset
1013 1433 1040 1493 si
1056 1432 1228 1512 Choricius,

59 1534 105 1610 qui
127 1521 263 1596 divitem¹
287 1534 377 1596 illum
401 1544 432 1596 et
455 1535 638 1597 munificum
654 1535 851 1598 Timotheum
874 1535 1019 1616 plurimis
1043 1533 1254 1597 laudationist

60 1635 183 1698 ilosculis
211 1637 367 1716 cumulat,
398 1637 602 1700 adoctrinae
631 1638 724 1701 laude
753 1637 959 1700 abstinuisset
981 1640 1013 1700 in
1037 1639 1231 1718 grammatici

59 1750 84 1798 ot
104 1748 210 1820 poetae
224 1739 468 1821 praedicatione.
510 1740 589 1803 illud
605 1742 710 1804 minus
726 1751 918 1804 momentum
935 1741 1009 1804 iacit
1025 1741 1109 1822 quod
1125 1759 1232 1820 gram-

58 1844 158 1906 matica
186 1861 238 1905 ars
269 1852 300 1904 et
329 1862 460 1924 magnae
490 1842 619 1906 divitiae
642 1863 737 1924 aegre
759 1846 936 1906 sociantur:
967 1843 1050 1906 vidit
1073 1845 1157 1905 enirn
1180 1846 1232 1907 vel

58 1955 150 2008 nostra
172 1955 259 2008 aetas
281 1946 399 2008 divites
421 1946 573 2028 quosdam
590 1949 808 2027 grammaticos
827 1948 1088 2028 nummariaeque
1106 1948 1151 2009 rei
1167 1966 1231 2009 non

58 2049 150 2111 ninus
177 2069 273 2130 quam
301 2051 474 2112 litterariae
497 2069 621 2131 gnaros.
669 2050 726 2112 sed
748 2069 939 2131 quamquam
962 2049 1151 2112 Boissonedo
1173 2050 1232 2112 ad-

57 2153 175 2232 sentior,
199 2152 378 2215 adscribam
402 2164 508 2216 tamen
532 2155 584 2215 illa
607 2154 743 2216 Chorioii
766 2154 865 2216 verba
888 2155 1036 2234 qnoniam
1060 2153 1231 2216 emendare

57 2275 135 2334 posse
167 2257 243 2318 mihi
274 2257 403 2320 videor:
437 2275 519 2338 quae
548 2259 580 2319 in
608 2256 715 2319 codice
739 2259 875 2320 Romano
898 2258 1015 2339 scripta
1037 2267 1112 2320 sunt
1134 2259 1232 2341 lleius

58 2370 83 2420 ut
103 2362 198 2422 multa
220 2360 299 2422 alias
321 2379 383 2423 non
407 2371 493 2423 recte
515 2361 602 2441 legit,
629 2370 714 2422 recte
737 2379 813 2422 vero
835 2360 1020 2440 liudolphus
1036 2362 1228 2440 llercherus,

57 2482 146 2543 aquo
169 2466 289 2544 accepi.
337 2456 415 2526 α’λλόι
437 2461 481 2534 τίς
503 2466 562 2526 τῶν
584 2460 739 2548 παρόντων
762 2456 925 2546 θαυμάτων
947 2457 968 2547 ῆ
990 2456 1155 2548 πρόφασις;
1187 2462 1232 2535 τίς

57 2563 82 2626 ’δὲ
100 2563 207 2638 ταότας
229 2565 430 2651 φιλοτιμεῖται
450 2568 488 2651 τῆ
511 2561 597 2630 πόλει
617 2563 671 2639 τός
692 2561 837 2651 χάριτας;
862 2560 938 2651 άνῆρ
961 2557 1046 2638 οὖτος
1060 2561 1109 2629 ἐπ’
1138 2557 1232 2653 όίκρσυ

56 2671 99 2751 τῆς
117 2673 236 2755 γραφῆς
258 2669 379 2755 ἐξέχων,
406 2665 498 2741 καλός
521 2669 573 2754 μέν
598 2669 670 2734 ἰδεῖν
693 2665 744 2733 καί
765 2673 801 2754 τῆ
826 2663 928 2734 στάσει
949 2664 1088 2754 καθάπερ
1108 2661 1232 2754 ἄγαλμα

57 2771 181 2860 ἐνμέσῳ
209 2776 269 2858 νεῷ
291 2767 527 2856 καθιστάμενος,
558 2768 633 2856 ῆδός
655 2771 689 2836 δὲ
710 2769 761 2836 καί
782 2771 871 2857 πείρα
892 2773 1067 2858 γνωσθῆναι
1088 2772 1119 2835 έν
1144 2773 1230 2836 ἱππι-

57 2877 108 2946 κοῖς
129 2872 236 2960 ἀγῶσι,
261 2872 312 2940 καὶ
333 2879 465 2962 λουτρῶν
489 2871 620 2960 ἀφθονία
643 2870 817 2962 σεμνότερον
839 2879 892 2961 τῆς
906 2878 965 2940 τῶν
989 2870 1107 2940 ὑπάτων
1124 2878 1231 2961 στολῆς

56 2973 99 3060 τῆν
120 2979 289 3064 φιλοτιμίαν
313 2980 408 3065 βοῶν,
432 2979 513 3063 γένει
534 3003 566 3043 τε
589 2974 723 3064 λαμπρός
745 2975 796 3044 καὶ
818 2972 935 3044 πάντων
958 2974 1038 3064 κόμη
1061 2976 1112 3042 καὶ
1136 2971 1230 3063 «lipom

57 3081 297 3168 προβεβλημένος,
321 3083 357 3146 ἐκ
378 3079 489 3169 πατρός
511 3077 638 3169 εόσεβῆς
661 3080 788 3155 καὶτοῖς
804 3082 834 3146 ἐν
857 3081 958 3166 ἐνθείη
972 3076 1025 3155 τὰς
1040 3077 1134 3168 τόχας
1149 3083 1230 3147 ἑπα-

57 3181 253 3272 νορθσόμενσς,
277 3189 321 3272 τῷ
342 3183 428 3251 παιδί
449 3188 501 3250 ταῶ
525 3180 666 3258 Κόνωνος
687 3179 740 3271 τῆν
757 3181 849 3271 αότῆν
865 3185 945 3272 ἔχων
960 3183 1162 3273 προσηγορίαν
1177 3185 1230 3250 καὶ

57 3283 154 3374 τόγην,
185 3288 237 3354 καί
266 3292 420 3375 λαμπρῶν·
438 3287 534 3376 ἔργων
566 3284 701 3376 μάρτυρα
728 3285 778 3354 τὸν
801 3287 849 3353 ἐπί
871 3293 923 3375 τῆς
944 3291 1080 3376 κεφαλῆς
1104 3290 1231 3375 βασιλέα

57 3388 228 3478 ποιούμενος.
277 3397 310 3456 in
341 3395 407 3475 ipso
438 3393 545 3456 codice
576 3405 624 3456 est
652 3394 731 3478 νεῷ,
763 3394 848 3476 quod
871 3396 968 3457 llaius
997 3395 1078 3457 male
1102 3396 1231 3476 scripsit

58 3497 131 3561 νεῶν.
176 3509 243 3562 tum
267 3499 381 3578 scripsi
403 3491 640 3580 καθιστάμενοςε
667 3498 765 3560 codex
780 3491 1011 3581 καθιστάμενον.
1059 3519 1131 3561 mox
1146 3521 1230 3583 γνω-

58 3599 154 3683 σθῆναι
181 3601 299 3664 codex:
332 3602 432 3664 Maius
461 3602 542 3663 male
571 3599 706 3685 γνωσθῆ.
754 3610 820 3664 lum
844 3595 1019 3686 σεμνότερον
1041 3603 1093 3664 vel
1116 3625 1229 3684 σεμνο-

57 3701 135 3786 τέρας
155 3703 381 3768 Boissonadus:
408 3703 508 3767 codex
529 3697 715 3789 σεμνότερος.
762 3703 880 3767 deinde
903 3705 1004 3767 codex
1018 3705 1055 3788 τῆ
1070 3706 1130 3765 τῶν
1146 3698 1229 3767 ὑπά-

57 3827 105 3869 των
131 3810 221 3895 στολῇ
254 3808 367 3871 hebet:
407 3807 492 3888 quod
527 3809 662 3870 correxi.
716 3807 833 3871 deinde
868 3799 958 3891 ῶμων
989 3807 1103 3870 codex:
1145 3808 1230 3888 quod

59 3912 163 3988 pariter
190 3913 324 3975 correxi.
371 3913 447 3974 satis
475 3910 614 3974 absurde
643 3913 745 3992 enim,
776 3911 834 3974 sed
856 3923 892 3975 ut
913 3910 1055 3975 dubitari
1077 3921 1227 3992 nequeat,

60 4011 205 4080 Chorioius
228 4017 330 4078 utitur
350 4017 523 4078 Homericis
546 4017 581 4078 ll.
600 4035 634 4077 nr
649 4017 711 4078 226
733 4013 775 4087 τίς
796 4010 822 4079 τ’
849 4006 898 4100 ἄρ’
924 4007 972 4078 ‘68’
999 4005 1090 4086 ἄλλος
1108 4007 1229 4100 Ἀχαιός

60 4109 123 4202 όνῆρ
149 4112 203 4204 ῆός
236 4143 269 4182 τε
298 4117 390 4204 μέγας
424 4143 456 4182 τε
478 4110 604 4204 Ἔξσχσς
634 4112 771 4204 Ἀργείων
805 4113 941 4204 κεφαλήν
975 4141 1007 4182 τε
1041 4114 1093 4181 καί
1122 4112 1229 4203 εὐρέας

61 4209 160 4300 νόμους
191 4225 285 4285 etiam
314 4221 555 4308 προβεβλημένος
577 4223 775 4285 Homericum
805 4232 871 4301 est,
902 4223 936 4283 ll.
962 4241 1010 4283 xix
1027 4223 1089 4282 2l8
1111 4217 1172 4305 έγῶ
1194 4221 1228 4286 δέ

61 4345 88 4383 κε
107 4326 163 4388 σεῖο
184 4320 313 4410 νοήματί
332 4349 366 4410 γε
388 4323 593 4412 προβαλοίμην
617 4318 753 4403 Πολλόν,
777 4321 843 4388 ἐπεί
864 4317 1004 4410 πρότερος
1026 4318 1155 4409 γενόμην
1178 4319 1229 4387 καί

62 4425 166 4492 πλείονα
187 4427 266 4495 elba.

133 4531 177 4598 ld
199 4535 396 4598 Timotheum
426 4534 566 4614 aliquem
595 4535 711 4616 scripta
739 4541 787 4598 est
817 4534 951 4615 epistula
974 4534 1114 4615 Procopii
1143 4535 1228 4598 inter
