3182 5132
563 381 731 442 Antenori.
1165 366 1239 438 409

71 573 184 634 ltomcoi
207 572 314 654 populi
337 573 561 654 praestiterunt
581 571 726 652 eaposut‘t
747 569 791 632 ita
812 575 846 630 ut
867 566 924 631 suh
945 569 1139 652 singulorum
1162 573 1240 633 imo—

68 675 279 758 quemfacta
300 676 558 758 mcqrstrctusque
580 693 685 736 eorum
707 693 767 736 aon
790 672 923 754 amplius
945 675 1103 755 quaternis
1122 676 1241 756 quinis-

69 798 116 860 que
136 777 270 842 versibus
293 779 508 860 descripserit:
532 778 611 860 quod
633 779 692 839 vics
712 776 895 839 credendum
916 784 970 853 est,
995 784 1097 839 tantos
1113 795 1163 840 res
1178 784 1238 839 tom

71 881 186 944 breodu·
203 883 340 964 potuisse
362 882 530 945 declarari.
577 889 622 944 est
643 883 733 943 etiam
755 899 836 943 uuus
859 879 936 942 liber
953 881 1067 942 Graece
1089 879 1239 962 consectus

71 985 100 1046 de
123 985 277 1048 υοιιοαίυίιι
308 986 472 1048 Ciceronis.
519 986 641 1066 accepit
664 983 773 1046 Cicero
803 985 1065 1047 commentarium
1095 985 1134 1046 de
1164 1004 1241 1047 con-

70 1090 158 1151 sulatu
185 1109 241 1152 suo
270 1089 312 1149 ab
339 1087 442 1151 Attico
471 1089 590 1152 Graece
619 1089 774 1170 scriptum
801 1087 947 1150 kalendis
969 1089 1068 1150 Iuniis
1095 1089 1171 1150 anni
1199 1087 1239 1148 ab

70 1211 96 1253 u.
117 1214 143 1256 c.
165 1211 282 1272 ncxcrr,
315 1192 401 1273 quod
423 1203 532 1254 narrat
554 1193 613 1273 Ep.
638 1191 679 1254 ad
700 1190 839 1254 Atticum
856 1210 878 1252 ιι
896 1191 925 1251 4.
973 1191 1025 1253 illa
1048 1191 1183 1272 epistula
1207 1193 1238 1253 in

69 1315 121 1375 qua
141 1298 365 1378 epigrammata
387 1294 483 1358 Attici
506 1306 734 1376 conmemorat,
764 1315 846 1377 quae
869 1297 977 1356 Latina
1000 1293 1098 1357 inisse
1121 1317 1138 1358 e
1162 1297 1240 1358 Cor-

69 1399 133 1460 nelii
154 1402 334 1462 narratione
358 1401 546 1482 colligimus,
571 1402 690 1482 scripta
713 1410 761 1462 est
783 1419 892 1462 mense
915 1401 993 1461 Maio
1015 1400 1091 1460 anni
1113 1418 1236 1462 naxarii.

69 1503 207 1566 ieiellerat
229 1515 297 1568 tum
314 1505 497 1568 Ciceronem
520 1524 593 1586 spes
616 1523 712 1585 quam
734 1513 923 1584 conceperat
946 1502 1012 1565 iore
1036 1511 1071 1566 ut
1095 1522 1146 1565 res
1167 1523 1185 1565 a
1205 1523 1238 1565 se

69 1619 158 1687 gestas
179 1609 293 1691 Thyilli
316 1607 508 1688 Archiaeve,
540 1608 733 1672 Graecorum
755 1617 938 1690 poetarum,
972 1607 1166 1670 carminibus
1188 1609 1239 1668 in-

69 1712 200 1776 lustratus
222 1701 369 1776 rideret.¹

141 1818 183 1880 lle
210 1815 248 1878 A.
274 1818 393 1880 Licinio
415 1815 530 1878 Archia
552 1814 759 1880 Antiochensi
788 1835 852 1878 non
882 1825 1024 1897 repetam
1055 1835 1136 1896 quae
1166 1823 1298 1878 notatos

67 1931 142 1982 sunt.
179 1919 381 1984 illudentem
396 1922 506 2000 miror,
531 1920 699 2002 probatum
717 1919 784 1982 iere
801 1939 870 1983 esse
885 1917 926 1981 ab
942 1919 1125 1983 hominibus
1140 1919 1240 1983 doctis

67 2023 205 2088 iudicium
226 2025 382 2088 Friderici
404 2022 555 2106 lacobsh,
585 2026 641 2106 qui
663 2022 760 2086 Anth.
786 2024 840 2086 Gr.
865 2033 889 2086 t.
908 2043 961 2086 xia
985 2044 1016 2105 p.
1036 2023 1110 2104 859,
1136 2044 1240 2106 quon-

67 2129 121 2188 iam
141 2131 222 2190 inter
243 2148 280 2191 ea
295 2127 503 2210 Anthologiae
526 2131 753 2210 epigrammata
776 2128 896 2209 quibus
906 2122 1028 2214 Ἀρχίου
1050 2130 1239 2210 inscriptum

66 2241 110 2292 est
133 2233 251 2296 nullum
280 2235 322 2295 sit
352 2231 438 2314 quod
466 2252 530 2295 non
552 2251 570 2294 a
593 2232 764 2296 mediocris
793 2233 914 2314 ingenii
946 2233 1073 2295 homine
1104 2234 1238 2314 conponi

67 2339 202 2418 potuerit,
227 2339 333 2399 omnia
355 2338 437 2399 alius
459 2339 565 2418 potius
579 2335 714 2399 Archiae
738 2356 809 2399 esse
831 2345 922 2418 putat
944 2357 1039 2419 quam
1059 2339 1129 2400 eius
1144 2357 1239 2418 quem

67 2437 163 2502 Cicero
191 2441 360 2522 exquisitis
388 2439 537 2504 laudibus
566 2441 779 2504 exornaverit.
827 2441 1037 2504 inveniuntur
1064 2443 1096 2503 in
1118 2439 1241 2502 Antho-

66 2543 137 2624 logia
157 2563 216 2606 non
239 2546 337 2608 unius
358 2541 494 2607 Archiae
517 2553 673 2625 poemata,
698 2543 755 2607 sed
777 2545 990 2626 conplurium.
1038 2564 1111 2607 nam
1133 2546 1161 2607 si
1182 2547 1239 2606 Pa-

65 2646 144 2708 latini
165 2648 237 2710 libri
260 2647 523 2730 inscriptionibus
546 2647 640 2710 iidem
664 2645 831 2729 babemus
852 2643 973 2734 Ἀρχίου
994 2643 1170 2720 Μακεδόνος
1192 2659 1239 2710 est

66 2769 99 2811 ιιι
116 2753 189 2832 tlt,
212 2749 330 2838 Ἀρχίου
353 2747 520 2822 Βυζαντίου
543 2771 584 2813 vu
600 2753 674 2833 278,
696 2746 815 2838 Ἀρχίου
839 2747 1045 2836 Μυτιληναίου
1066 2771 1108 2814 ru
1124 2755 1185 2813 696
1210 2773 1238 2814 rx

68 2855 99 2914 49
116 2857 166 2918 444
187 2858 260 2936 339,
282 2852 402 2943 Ἀρχίου
424 2855 571 2942 νεωτέρου
587 2877 617 2919 rx
633 2858 668 2918 94
696 2878 716 2919 x
733 2857 783 2918 46.
826 2858 885 2919 hae
907 2867 1014 2919 autem
1039 2859 1125 2938 ipsae
1148 2867 1238 2918 nota-

64 2961 156 3022 tiones
177 2961 340 3043 probabile
364 2961 504 3024 reddunt
527 2981 563 3024 ea
586 2963 812 3043 epigrammata
836 2961 955 3042 quibus
972 2963 1108 3043 simplex
1123 2981 1235 3023 nomen

62 3056 167 3149 Ἀρχίου
188 3066 377 3148 inscriptum
401 3076 450 3128 est
471 3064 513 3128 ad
535 3066 699 3128 clariorem
722 3066 861 3147 aliquem
885 3066 1000 3128 ceteris
1015 3064 1163 3128 Archiam
1187 3085 1239 3127 re-

65 3165 184 3231 ferenda
206 3187 287 3230 esse.
336 3168 455 3232 habent
478 3171 559 3231 hanc
580 3169 819 3250 inscriptionem
842 3171 876 3230 in
896 3169 1084 3251 Anthologia
1100 3171 1238 3232 Palatina

65 3273 278 3352 epigrammata
299 3271 518 3354 undeviginti,
544 3273 617 3334 vss
634 3274 675 3335 59
700 3293 727 3336 vr
746 3273 784 3334 46
800 3275 841 3334 39
861 3273 920 3334 479
940 3274 1000 3337 486
1019 3275 1074 3335 484
1098 3275 1157 3337 492
1177 3273 1237 3334 495

65 3375 117 3436 tot
139 3397 177 3439 vu
193 3378 233 3438 68
252 3375 385 3438 447494
409 3377 468 3439 243
487 3378 547 3442 344
573 3379 679 3439 mets
699 3376 759 3440 756
784 3375 892 3458 178,
920 3379 952 3438 in
976 3377 1135 3441 Planudea
1151 3397 1180 3438 ιν
1196 3379 1235 3438 94

67 3479 127 3541 479.
164 3490 331 3563 praeterea
354 3482 387 3542 in
409 3481 548 3543 Palatina
570 3481 792 3545 inscribuntur
814 3483 887 3543 ν98
912 3471 1038 3565 ἄδηλον,
1062 3478 1092 3544 οἳ
1115 3478 1148 3544 δὲ
1169 3479 1237 3566 Αρ-

64 3580 140 3665 χίου,
169 3605 209 3648 ιιι
227 3587 286 3646 465
303 3588 355 3650 τοῦ
379 3578 470 3649 αὐτοῦ
499 3585 541 3666 (id
564 3597 613 3649 ast
634 3584 793 3667 Antipatri
818 3585 967 3670 Sidonii),
1000 3583 1030 3650 οἳ
1052 3585 1085 3650 δὲ
1104 3582 1233 3672 Ἀρχίου,

64 3703 87 3744 ιι
101 3687 137 3748 87
148 3683 285 3774 Ἀρχίου,
317 3686 346 3752 οἳ
369 3685 402 3752 δὲ
425 3686 653 3774 Παρμενίωνος,
681 3692 720 3751 64
735 3682 972 3774 Ἀσκληπιάδου,
1001 3686 1031 3754 οἳ
1053 3688 1086 3753 δὲ
1104 3683 1234 3775 Ἀρχίου,

64 3789 91 3848 in
111 3791 264 3854 Planudea
280 3813 309 3854 rr
327 3793 385 3854 454
405 3792 584 3870 Λουκιανοῦ,
609 3790 639 3856 οἳ
660 3791 694 3856 δὲ
712 3788 843 3879 Ἀρχίου.
891 3793 1032 3874 denique
1054 3793 1137 3874 quod
1161 3788 1238 3856 ἀδέ-

64 3915 156 3958 οτοτον
178 3907 226 3958 εει
249 3898 283 3958 in
298 3897 436 3959 Palatina
460 3899 653 3978 epigramma
675 3916 716 3959 νιι
735 3898 794 3958 439
812 3899 844 3960 in
861 3895 1036 3959 Planudeae
1060 3896 1141 3958 libro
1157 3916 1238 3977 qno-

63 3994 123 4058 dam
150 4001 340 4062 Barnesiano
362 3998 499 4063 Archiae
526 4001 698 4080 tribuitur,
733 4001 901 4082 eidemque
924 3999 1059 4062 Archiae
1083 4001 1238 4063 Planudes

63 4097 139 4164 dedit
159 4103 255 4166 Anth.
274 4105 337 4166 Pal.
357 4124 386 4166 rx
401 4105 463 4168 345
480 4105 542 4166 346
560 4106 621 4168 347
638 4106 700 4168 348
717 4105 797 4184 354,
823 4123 905 4186 quae
930 4105 992 4166 illio
1016 4114 1099 4166 recte
1124 4107 1238 4166 inscri-

64 4200 171 4268 huntur
190 4208 244 4272 τοῦ
268 4203 372 4286 αὐτοῦ,
398 4209 430 4272 id
451 4219 499 4272 est
514 4207 651 4272 Λεωνίδα
663 4202 887 4294 Ἀλεξανδρέως.
929 4209 1120 4288 epigramma
1137 4205 1233 4270 Antb.

65 4305 115 4368 Pal.
132 4331 170 4372 ru
187 4313 248 4375 466
264 4311 401 4376 Archiae
425 4333 495 4375 esse
517 4332 579 4376 non
602 4313 731 4376 dubito:
758 4311 922 4394 praecedit
943 4313 1028 4373 enim
1045 4313 1235 4392 epigramma

63 4409 205 4496 Antipatri
229 4415 353 4478 Sidonii
382 4413 462 4498 (464)
497 4415 648 4497 aliudque
672 4417 826 4478 Leonidae
854 4417 960 4500 (463),
993 4435 1129 4496 qnorum
1156 4416 1236 4478 illud

65 4519 179 4582 variatio
202 4530 263 4584 est.
311 4523 353 4582 ita
378 4521 532 4583 Leonidae
555 4521 747 4601 epigramma
763 4541 791 4582 ω
811 4521 847 4580 43
865 4519 1090 4602 Antipatriqne
1114 4520 1235 4582 Sidonii
