<?xml version="1.0" encoding="UTF-8"?>
<!DOCTYPE html PUBLIC "-//W3C//DTD XHTML 1.0 Transitional//EN"
    "http://www.w3.org/TR/xhtml1/DTD/xhtml1-transitional.dtd">
<html xmlns="http://www.w3.org/1999/xhtml" xml:lang="en" lang="en">
 <head>
  <title>
</title>
<meta http-equiv="Content-Type" content="text/html;charset=utf-8" />
  <meta name='ocr-system' content='tesseract 3.04.00' />
  <meta name='ocr-capabilities' content='ocr_page ocr_carea ocr_par ocr_line ocrx_word'/>
</head>
<body>
  <div class='ocr_page' id='page_1' title='image "./mavriciihavptii01haupgoog/mavriciihavptii01haupgoog_0499.png"; bbox 0 0 3178 5136; ppageno 0'>
   <div class='ocr_carea' id='block_1_1' title="bbox 353 390 1141 466">
    <p class='ocr_par' dir='ltr' id='par_1_1' title="bbox 353 390 1141 466">
     <span class='ocr_line' id='line_1_1' title="bbox 353 390 1141 466; baseline 0.003 -4"><span class='ocrx_word' id='word_1_1' title='bbox 353 390 427 463; x_wconf 85' lang='grc'><strong>486</strong></span> <span class='ocrx_word' id='word_1_2' title='bbox 750 405 792 464; x_wconf 83' lang='lat' dir='ltr'><strong>Ex</strong></span> <span class='ocrx_word' id='word_1_3' title='bbox 815 423 910 466; x_wconf 79' lang='lat' dir='ltr'><strong>anm</strong></span> <span class='ocrx_word' id='word_1_4' title='bbox 933 405 1141 466; x_wconf 79' lang='grc' dir='ltr'><strong>Βιιιοιιιιιιιει.</strong></span> 
     </span>
    </p>
   </div>
   <div class='ocr_carea' id='block_1_2' title="bbox 230 582 1517 4584">
    <p class='ocr_par' dir='ltr' id='par_1_2' title="bbox 351 582 1373 777">
     <span class='ocr_line' id='line_1_2' title="bbox 437 582 1271 676; baseline 0.002 -22"><span class='ocrx_word' id='word_1_5' title='bbox 437 591 545 656; x_wconf 77' lang='grc' dir='ltr'><strong>πολλοί</strong></span> <span class='ocrx_word' id='word_1_6' title='bbox 568 587 593 675; x_wconf 87' lang='grc' dir='ltr'><strong>μ’</strong></span> <span class='ocrx_word' id='word_1_7' title='bbox 620 587 781 675; x_wconf 80' lang='grc' dir='ltr'><strong>ἐμνώοντο,</strong></span> <span class='ocrx_word' id='word_1_8' title='bbox 808 586 875 655; x_wconf 86' lang='grc' dir='ltr'><strong>νάον</strong></span> <span class='ocrx_word' id='word_1_9' title='bbox 898 587 922 655; x_wconf 80' lang='grc' dir='ltr'><strong>δ’</strong></span> <span class='ocrx_word' id='word_1_10' title='bbox 941 587 1014 675; x_wconf 80' lang='grc' dir='ltr'><strong>ἐμὸν</strong></span> <span class='ocrx_word' id='word_1_11' title='bbox 1037 582 1117 662; x_wconf 81' lang='grc' dir='ltr'><strong>οὔτις</strong></span> <span class='ocrx_word' id='word_1_12' title='bbox 1140 586 1271 676; x_wconf 82' lang='grc' dir='ltr'><strong>άρέειιει.</strong></span> 
     </span>
     <span class='ocr_line' id='line_1_3' title="bbox 351 691 1373 777; baseline 0.002 -21"><span class='ocrx_word' id='word_1_13' title='bbox 351 715 424 758; x_wconf 91' lang='lat' dir='ltr'><strong>nam</strong></span> <span class='ocrx_word' id='word_1_14' title='bbox 449 715 600 776; x_wconf 86' lang='lat' dir='ltr'><strong>praesens</strong></span> <span class='ocrx_word' id='word_1_15' title='bbox 623 707 789 776; x_wconf 90' lang='lat' dir='ltr'><strong>tempusa</strong></span> <span class='ocrx_word' id='word_1_16' title='bbox 812 698 970 758; x_wconf 91' lang='lat' dir='ltr'><strong>sententia</strong></span> <span class='ocrx_word' id='word_1_17' title='bbox 992 691 1195 777; x_wconf 80' lang='lat' dir='ltr'><strong>nequaqnam</strong></span> <span class='ocrx_word' id='word_1_18' title='bbox 1216 697 1373 758; x_wconf 88' lang='lat' dir='ltr'><strong>abhorret.</strong></span> 
     </span>
    </p>

    <p class='ocr_par' dir='ltr' id='par_1_3' title="bbox 351 793 1510 1193">
     <span class='ocr_line' id='line_1_4' title="bbox 437 793 1503 883; baseline 0.003 -23"><span class='ocrx_word' id='word_1_19' title='bbox 437 800 524 860; x_wconf 84' lang='lat' dir='ltr'>XLV.</span> <span class='ocrx_word' id='word_1_20' title='bbox 571 798 737 860; x_wconf 89' lang='lat' dir='ltr'><strong>Oribasius</strong></span> <span class='ocrx_word' id='word_1_21' title='bbox 758 817 822 858; x_wconf 79' lang='lat' dir='ltr'><strong>mu</strong></span> <span class='ocrx_word' id='word_1_22' title='bbox 847 799 879 858; x_wconf 89' lang='lat' dir='ltr'><strong>ll</strong></span> <span class='ocrx_word' id='word_1_23' title='bbox 902 809 925 860; x_wconf 91' lang='lat' dir='ltr'><strong>t.</strong></span> <span class='ocrx_word' id='word_1_24' title='bbox 944 819 974 860; x_wconf 87' lang='lat' dir='ltr'><strong>rr</strong></span> <span class='ocrx_word' id='word_1_25' title='bbox 994 819 1028 880; x_wconf 94' lang='lat' dir='ltr'><strong>p.</strong></span> <span class='ocrx_word' id='word_1_26' title='bbox 1048 799 1109 860; x_wconf 75' lang='lat'><strong>⁴57</strong></span> <span class='ocrx_word' id='word_1_27' title='bbox 1131 801 1205 862; x_wconf 88' lang='lat' dir='ltr'><strong>Dar.</strong></span> <span class='ocrx_word' id='word_1_28' title='bbox 1230 797 1307 863; x_wconf 83' lang='grc' dir='ltr'><strong>ἔστω</strong></span> <span class='ocrx_word' id='word_1_29' title='bbox 1328 797 1361 862; x_wconf 77' lang='grc' dir='ltr'><strong>δὲ</strong></span> <span class='ocrx_word' id='word_1_30' title='bbox 1381 797 1427 862; x_wconf 78' lang='grc' dir='ltr'><strong>καὶ</strong></span> <span class='ocrx_word' id='word_1_31' title='bbox 1445 793 1503 883; x_wconf 71' lang='grc' dir='ltr'><strong>άλλη</strong></span> 
     </span>
     <span class='ocr_line' id='line_1_5' title="bbox 352 897 1506 988; baseline 0.002 -24"><span class='ocrx_word' id='word_1_32' title='bbox 352 900 512 985; x_wconf 79' lang='grc' dir='ltr'><strong>μηλωτρίς,</strong></span> <span class='ocrx_word' id='word_1_33' title='bbox 537 898 652 986; x_wconf 81' lang='grc' dir='ltr'><strong>ἔχουσα</strong></span> <span class='ocrx_word' id='word_1_34' title='bbox 673 898 754 986; x_wconf 83' lang='grc' dir='ltr'><strong>ἔριον</strong></span> <span class='ocrx_word' id='word_1_35' title='bbox 775 899 1017 985; x_wconf 76' lang='grc' dir='ltr'><strong>περιειλημένον,</strong></span> <span class='ocrx_word' id='word_1_36' title='bbox 1043 898 1094 965; x_wconf 81' lang='grc' dir='ltr'><strong>ἵνα</strong></span> <span class='ocrx_word' id='word_1_37' title='bbox 1117 897 1168 966; x_wconf 81' lang='grc' dir='ltr'><strong>διά</strong></span> <span class='ocrx_word' id='word_1_38' title='bbox 1195 904 1248 967; x_wconf 81' lang='grc' dir='ltr'><strong>τοῦ</strong></span> <span class='ocrx_word' id='word_1_39' title='bbox 1270 901 1351 988; x_wconf 79' lang='grc' dir='ltr'><strong>ἐρίου</strong></span> <span class='ocrx_word' id='word_1_40' title='bbox 1375 897 1466 967; x_wconf 72' lang='grc' dir='ltr'><strong>τούτου</strong></span> <span class='ocrx_word' id='word_1_41' title='bbox 1482 905 1506 966; x_wconf 81' lang='grc' dir='ltr'><strong>ἐι</strong></span> 
     </span>
     <span class='ocr_line' id='line_1_6' title="bbox 352 997 1507 1091; baseline 0.002 -25"><span class='ocrx_word' id='word_1_42' title='bbox 352 998 561 1088; x_wconf 80' lang='grc' dir='ltr'><strong>διαστημάτων</strong></span> <span class='ocrx_word' id='word_1_43' title='bbox 591 999 705 1089; x_wconf 81' lang='grc' dir='ltr'><strong>ψυχρὸν</strong></span> <span class='ocrx_word' id='word_1_44' title='bbox 733 997 814 1089; x_wconf 74' lang='grc' dir='ltr'><strong>ὕδωρ</strong></span> <span class='ocrx_word' id='word_1_45' title='bbox 842 998 1070 1088; x_wconf 74' lang='grc' dir='ltr'><strong>παρααπάζηται</strong></span> <span class='ocrx_word' id='word_1_46' title='bbox 1097 1006 1142 1090; x_wconf 82' lang='grc' dir='ltr'><strong>τῷ</strong></span> <span class='ocrx_word' id='word_1_47' title='bbox 1168 1000 1319 1091; x_wconf 86' lang='grc' dir='ltr'><strong>τροπάνιμ.</strong></span> <span class='ocrx_word' id='word_1_48' title='bbox 1365 1008 1396 1070; x_wconf 87' lang='grc' dir='ltr'><strong>ἰο</strong></span> <span class='ocrx_word' id='word_1_49' title='bbox 1415 1008 1507 1070; x_wconf 84' lang='lat' dir='ltr'><strong>scholio</strong></span> 
     </span>
     <span class='ocr_line' id='line_1_7' title="bbox 351 1103 1510 1193; baseline 0.003 -26"><span class='ocrx_word' id='word_1_50' title='bbox 351 1129 383 1188; x_wconf 92' lang='lat' dir='ltr'><strong>p.</strong></span> <span class='ocrx_word' id='word_1_51' title='bbox 408 1109 463 1168; x_wconf 82' lang='grc'><strong>531</strong></span> <span class='ocrx_word' id='word_1_52' title='bbox 502 1109 580 1169; x_wconf 86' lang='lat' dir='ltr'><strong>haec</strong></span> <span class='ocrx_word' id='word_1_53' title='bbox 609 1109 655 1169; x_wconf 92' lang='lat' dir='ltr'><strong>rei</strong></span> <span class='ocrx_word' id='word_1_54' title='bbox 686 1125 779 1170; x_wconf 87' lang='lat' dir='ltr'><strong>causa</strong></span> <span class='ocrx_word' id='word_1_55' title='bbox 808 1107 968 1186; x_wconf 74' lang='lat' dir='ltr'>adfertur,</span> <span class='ocrx_word' id='word_1_56' title='bbox 1000 1104 1066 1171; x_wconf 76' lang='grc' dir='ltr'><strong>ἐπεὶ</strong></span> <span class='ocrx_word' id='word_1_57' title='bbox 1092 1103 1150 1192; x_wconf 82' lang='grc' dir='ltr'><strong>γάρ</strong></span> <span class='ocrx_word' id='word_1_58' title='bbox 1184 1104 1296 1193; x_wconf 79' lang='grc' dir='ltr'><strong>(ἐπειδὴ</strong></span> <span class='ocrx_word' id='word_1_59' title='bbox 1325 1109 1419 1172; x_wconf 79' lang='lat' dir='ltr'><strong>mdes</strong></span> <span class='ocrx_word' id='word_1_60' title='bbox 1443 1111 1510 1172; x_wconf 82' lang='lat' dir='ltr'><strong>Vati·</strong></span> 
     </span>
    </p>

    <p class='ocr_par' dir='ltr' id='par_1_4' title="bbox 230 1203 1513 2015">
     <span class='ocr_line' id='line_1_8' title="bbox 230 1203 1511 1295; baseline 0.004 -24"><span class='ocrx_word' id='word_1_61' title='bbox 230 1271 241 1285; x_wconf 72' lang='grc'><strong>,</strong></span> <span class='ocrx_word' id='word_1_62' title='bbox 351 1211 458 1292; x_wconf 79' lang='lat' dir='ltr'><strong>canus)</strong></span> <span class='ocrx_word' id='word_1_63' title='bbox 496 1205 530 1274; x_wconf 82' lang='grc' dir='ltr'><strong>τὸ</strong></span> <span class='ocrx_word' id='word_1_64' title='bbox 565 1207 713 1294; x_wconf 76' lang='grc' dir='ltr'><strong>τρύπανον</strong></span> <span class='ocrx_word' id='word_1_65' title='bbox 751 1203 1020 1294; x_wconf 83' lang='grc' dir='ltr'><strong>πιριστρεράμενον</strong></span> <span class='ocrx_word' id='word_1_66' title='bbox 1055 1209 1248 1295; x_wconf 75' lang='grc' dir='ltr'><strong>θερμαίνεται</strong></span> <span class='ocrx_word' id='word_1_67' title='bbox 1280 1208 1331 1275; x_wconf 82' lang='grc' dir='ltr'><strong>κοιλ</strong></span> <span class='ocrx_word' id='word_1_68' title='bbox 1366 1209 1413 1276; x_wconf 78' lang='grc' dir='ltr'><strong>διὰ</strong></span> <span class='ocrx_word' id='word_1_69' title='bbox 1444 1215 1511 1276; x_wconf 73' lang='grc' dir='ltr'><strong>τοῦτο</strong></span> 
     </span>
     <span class='ocr_line' id='line_1_9' title="bbox 352 1307 1512 1401; baseline 0.003 -26"><span class='ocrx_word' id='word_1_70' title='bbox 352 1307 595 1396; x_wconf 81' lang='grc' dir='ltr'><strong>μαλατονάμενον</strong></span> <span class='ocrx_word' id='word_1_71' title='bbox 630 1307 831 1398; x_wconf 77' lang='grc' dir='ltr'><strong>ἀμβλύνεται,</strong></span> <span class='ocrx_word' id='word_1_72' title='bbox 869 1307 902 1378; x_wconf 85' lang='grc' dir='ltr'><strong>τὸ</strong></span> <span class='ocrx_word' id='word_1_73' title='bbox 936 1307 978 1394; x_wconf 81' lang='grc' dir='ltr'><strong>(τὸ</strong></span> <span class='ocrx_word' id='word_1_74' title='bbox 1008 1314 1079 1396; x_wconf 75' lang='grc' dir='ltr'><strong>γοῦν</strong></span> <span class='ocrx_word' id='word_1_75' title='bbox 1109 1314 1143 1394; x_wconf 81' lang='lat' dir='ltr'><strong>V)</strong></span> <span class='ocrx_word' id='word_1_76' title='bbox 1177 1309 1292 1400; x_wconf 81' lang='grc' dir='ltr'><strong>ψυχρὸν</strong></span> <span class='ocrx_word' id='word_1_77' title='bbox 1326 1307 1403 1401; x_wconf 76' lang='grc' dir='ltr'><strong>ὕδωρ</strong></span> <span class='ocrx_word' id='word_1_78' title='bbox 1428 1339 1512 1400; x_wconf 87' lang='grc' dir='ltr'><strong>παρα-</strong></span> 
     </span>
     <span class='ocr_line' id='line_1_10' title="bbox 351 1409 1512 1500; baseline 0.001 -22"><span class='ocrx_word' id='word_1_79' title='bbox 351 1412 491 1484; x_wconf 73' lang='grc' dir='ltr'><strong>ατάζεται</strong></span> <span class='ocrx_word' id='word_1_80' title='bbox 512 1413 563 1479; x_wconf 85' lang='grc' dir='ltr'><strong>ἵνα</strong></span> <span class='ocrx_word' id='word_1_81' title='bbox 584 1410 696 1481; x_wconf 79' lang='grc' dir='ltr'><strong>ὡσανεί</strong></span> <span class='ocrx_word' id='word_1_82' title='bbox 718 1411 901 1500; x_wconf 81' lang='grc' dir='ltr'><strong>βαπτόμενον</strong></span> <span class='ocrx_word' id='word_1_83' title='bbox 926 1409 1109 1500; x_wconf 81' lang='grc' dir='ltr'><strong>κρατάνηται</strong></span> <span class='ocrx_word' id='word_1_84' title='bbox 1136 1411 1321 1500; x_wconf 75' lang='grc' dir='ltr'><strong>(κρατύνεται</strong></span> <span class='ocrx_word' id='word_1_85' title='bbox 1348 1417 1441 1481; x_wconf 85' lang='lat' dir='ltr'><strong>codex</strong></span> <span class='ocrx_word' id='word_1_86' title='bbox 1459 1420 1512 1480; x_wconf 78' lang='lat' dir='ltr'><strong>llo</strong></span> 
     </span>
     <span class='ocr_line' id='line_1_11' title="bbox 352 1518 1512 1601; baseline 0.003 -22"><span class='ocrx_word' id='word_1_87' title='bbox 352 1520 513 1598; x_wconf 88' lang='lat' dir='ltr'><strong>rontinns,</strong></span> <span class='ocrx_word' id='word_1_88' title='bbox 546 1519 632 1599; x_wconf 91' lang='lat' dir='ltr'><strong>quod</strong></span> <span class='ocrx_word' id='word_1_89' title='bbox 660 1519 777 1599; x_wconf 90' lang='lat' dir='ltr'><strong>placuit</strong></span> <span class='ocrx_word' id='word_1_90' title='bbox 803 1518 1053 1601; x_wconf 78' lang='lat' dir='ltr'><strong>Darembergio).</strong></span> <span class='ocrx_word' id='word_1_91' title='bbox 1100 1531 1167 1581; x_wconf 88' lang='lat' dir='ltr'><strong>tum</strong></span> <span class='ocrx_word' id='word_1_92' title='bbox 1203 1521 1281 1582; x_wconf 88' lang='lat' dir='ltr'><strong>baec</strong></span> <span class='ocrx_word' id='word_1_93' title='bbox 1316 1519 1512 1584; x_wconf 86' lang='lat' dir='ltr'><strong>addunturin</strong></span> 
     </span>
     <span class='ocr_line' id='line_1_12' title="bbox 351 1614 1512 1709; baseline 0 -26"><span class='ocrx_word' id='word_1_94' title='bbox 351 1619 457 1684; x_wconf 90' lang='lat' dir='ltr'><strong>codice</strong></span> <span class='ocrx_word' id='word_1_95' title='bbox 480 1623 638 1700; x_wconf 85' lang='lat' dir='ltr'><strong>Vaticano,</strong></span> <span class='ocrx_word' id='word_1_96' title='bbox 663 1614 758 1707; x_wconf 84' lang='grc' dir='ltr'><strong>τοάτιρ</strong></span> <span class='ocrx_word' id='word_1_97' title='bbox 780 1617 833 1685; x_wconf 82' lang='grc' dir='ltr'><strong>καλ</strong></span> <span class='ocrx_word' id='word_1_98' title='bbox 861 1621 889 1685; x_wconf 84' lang='lat' dir='ltr'><strong>ol</strong></span> <span class='ocrx_word' id='word_1_99' title='bbox 918 1615 1051 1692; x_wconf 74' lang='grc' dir='ltr'><strong>λιθοξόοι</strong></span> <span class='ocrx_word' id='word_1_100' title='bbox 1071 1625 1115 1706; x_wconf 78' lang='grc' dir='ltr'><strong>τῷ</strong></span> <span class='ocrx_word' id='word_1_101' title='bbox 1135 1616 1237 1708; x_wconf 86' lang='grc' dir='ltr'><strong>τράπιρ</strong></span> <span class='ocrx_word' id='word_1_102' title='bbox 1258 1625 1392 1709; x_wconf 80' lang='grc' dir='ltr'><strong>χρῶνται</strong></span> <span class='ocrx_word' id='word_1_103' title='bbox 1418 1623 1456 1694; x_wconf 82' lang='grc' dir='ltr'><strong>εἰς</strong></span> <span class='ocrx_word' id='word_1_104' title='bbox 1473 1619 1512 1705; x_wconf 75' lang='lat' dir='ltr'><strong>rip</strong></span> 
     </span>
     <span class='ocr_line' id='line_1_13' title="bbox 350 1719 1513 1809; baseline -0.001 -22"><span class='ocrx_word' id='word_1_105' title='bbox 350 1727 408 1788; x_wconf 80' lang='grc' dir='ltr'><strong>τῶν</strong></span> <span class='ocrx_word' id='word_1_106' title='bbox 438 1719 605 1809; x_wconf 80' lang='grc' dir='ltr'><strong>φαρμάκων</strong></span> <span class='ocrx_word' id='word_1_107' title='bbox 634 1745 827 1809; x_wconf 83' lang='grc' dir='ltr'><strong>κατετρειαιν.</strong></span> <span class='ocrx_word' id='word_1_108' title='bbox 873 1725 1057 1787; x_wconf 88' lang='lat' dir='ltr'><strong>ultimorum</strong></span> <span class='ocrx_word' id='word_1_109' title='bbox 1087 1724 1259 1789; x_wconf 81' lang='lat' dir='ltr'><strong>verborum</strong></span> <span class='ocrx_word' id='word_1_110' title='bbox 1286 1726 1513 1789; x_wconf 75' lang='lat' dir='ltr'><strong>emendationem</strong></span> 
     </span>
     <span class='ocr_line' id='line_1_14' title="bbox 350 1824 1513 1914; baseline 0 -26"><span class='ocrx_word' id='word_1_111' title='bbox 350 1827 596 1908; x_wconf 78' lang='lat' dir='ltr'><strong>Darembergius</strong></span> <span class='ocrx_word' id='word_1_112' title='bbox 617 1828 811 1910; x_wconf 79' lang='lat' dir='ltr'><strong>desperavit.</strong></span> <span class='ocrx_word' id='word_1_113' title='bbox 849 1827 1055 1890; x_wconf 90' lang='lat' dir='ltr'><strong>scribendum</strong></span> <span class='ocrx_word' id='word_1_114' title='bbox 1079 1840 1128 1891; x_wconf 90' lang='lat' dir='ltr'><strong>est</strong></span> <span class='ocrx_word' id='word_1_115' title='bbox 1149 1827 1193 1899; x_wconf 76' lang='grc' dir='ltr'><strong>εἰς</strong></span> <span class='ocrx_word' id='word_1_116' title='bbox 1214 1824 1268 1913; x_wconf 69' lang='grc' dir='ltr'><strong>τὴν</strong></span> <span class='ocrx_word' id='word_1_117' title='bbox 1290 1833 1350 1892; x_wconf 80' lang='grc' dir='ltr'><strong>τῶν</strong></span> <span class='ocrx_word' id='word_1_118' title='bbox 1374 1824 1513 1914; x_wconf 86' lang='grc' dir='ltr'><strong>μαρμάρον</strong></span> 
     </span>
     <span class='ocr_line' id='line_1_15' title="bbox 350 1926 543 2015; baseline 0 -22"><span class='ocrx_word' id='word_1_119' title='bbox 350 1926 543 2015; x_wconf 82' lang='grc' dir='ltr'><strong>ιιατάτρησιν.</strong></span> 
     </span>
    </p>

    <p class='ocr_par' dir='ltr' id='par_1_5' title="bbox 348 2031 1517 3143">
     <span class='ocr_line' id='line_1_16' title="bbox 435 2031 1515 2115; baseline 0.004 -22"><span class='ocrx_word' id='word_1_120' title='bbox 435 2034 536 2094; x_wconf 79' lang='lat' dir='ltr'><strong>xlvi.</strong></span> <span class='ocrx_word' id='word_1_121' title='bbox 583 2031 632 2095; x_wconf 83' lang='lat' dir='ltr'><strong>Ad</strong></span> <span class='ocrx_word' id='word_1_122' title='bbox 655 2035 752 2095; x_wconf 85' lang='lat' dir='ltr'><strong>Persii</strong></span> <span class='ocrx_word' id='word_1_123' title='bbox 777 2033 856 2095; x_wconf 94' lang='lat' dir='ltr'><strong>illud</strong></span> <span class='ocrx_word' id='word_1_124' title='bbox 878 2034 896 2092; x_wconf 87' lang='lat'><strong>3</strong></span> <span class='ocrx_word' id='word_1_125' title='bbox 914 2033 954 2092; x_wconf 81' lang='grc'><strong>50</strong></span> <span class='ocrx_word' id='word_1_126' title='bbox 978 2041 1126 2115; x_wconf 74' lang='lat' dir='ltr'><strong>onpotstne</strong></span> <span class='ocrx_word' id='word_1_127' title='bbox 1148 2035 1222 2096; x_wconf 86' lang='lat' dir='ltr'><strong>coilo</strong></span> <span class='ocrx_word' id='word_1_128' title='bbox 1244 2053 1305 2096; x_wconf 85' lang='grc' dir='ltr'><strong>ιιοιι</strong></span> <span class='ocrx_word' id='word_1_129' title='bbox 1325 2035 1429 2115; x_wconf 75' lang='lat' dir='ltr'><strong>fallier</strong></span> <span class='ocrx_word' id='word_1_130' title='bbox 1444 2053 1515 2096; x_wconf 81' lang='lat' dir='ltr'><strong>oront</strong></span> 
     </span>
     <span class='ocr_line' id='line_1_17' title="bbox 349 2133 1514 2216; baseline 0.002 -20"><span class='ocrx_word' id='word_1_131' title='bbox 349 2133 544 2216; x_wconf 91' lang='lat' dir='ltr'><strong>adscriptum</strong></span> <span class='ocrx_word' id='word_1_132' title='bbox 561 2135 714 2199; x_wconf 87' lang='lat' dir='ltr'><strong>habemus</strong></span> <span class='ocrx_word' id='word_1_133' title='bbox 737 2137 796 2198; x_wconf 90' lang='lat' dir='ltr'><strong>boo</strong></span> <span class='ocrx_word' id='word_1_134' title='bbox 811 2136 962 2214; x_wconf 81' lang='lat' dir='ltr'><strong>scholion,</strong></span> <span class='ocrx_word' id='word_1_135' title='bbox 987 2137 1062 2197; x_wconf 87' lang='lat' dir='ltr'><strong>collo</strong></span> <span class='ocrx_word' id='word_1_136' title='bbox 1084 2135 1248 2216; x_wconf 74' lang='lat' dir='ltr'><strong>amphorae</strong></span> <span class='ocrx_word' id='word_1_137' title='bbox 1270 2156 1313 2199; x_wconf 80' lang='lat' dir='ltr'><strong>coe</strong></span> <span class='ocrx_word' id='word_1_138' title='bbox 1335 2138 1457 2200; x_wconf 69' lang='lat' dir='ltr'><strong>ddtooti</strong></span> <span class='ocrx_word' id='word_1_139' title='bbox 1468 2139 1514 2198; x_wconf 86' lang='lat' dir='ltr'><strong>loco</strong></span> 
     </span>
     <span class='ocr_line' id='line_1_18' title="bbox 349 2239 1514 2323; baseline -0.002 -23"><span class='ocrx_word' id='word_1_140' title='bbox 349 2240 393 2300; x_wconf 81' lang='lat' dir='ltr'><strong>cit</strong></span> <span class='ocrx_word' id='word_1_141' title='bbox 413 2257 506 2301; x_wconf 83' lang='lat' dir='ltr'><strong>nuces</strong></span> <span class='ocrx_word' id='word_1_142' title='bbox 527 2241 644 2301; x_wconf 83' lang='lat' dir='ltr'><strong>mittere</strong></span> <span class='ocrx_word' id='word_1_143' title='bbox 665 2247 701 2302; x_wconf 82' lang='lat' dir='ltr'><strong>ot</strong></span> <span class='ocrx_word' id='word_1_144' title='bbox 721 2257 833 2300; x_wconf 83' lang='lat' dir='ltr'><strong>manos</strong></span> <span class='ocrx_word' id='word_1_145' title='bbox 856 2257 916 2300; x_wconf 85' lang='lat' dir='ltr'><strong>noo</strong></span> <span class='ocrx_word' id='word_1_146' title='bbox 938 2245 1030 2300; x_wconf 84' lang='lat' dir='ltr'><strong>erret.</strong></span> <span class='ocrx_word' id='word_1_147' title='bbox 1062 2241 1116 2320; x_wconf 77' lang='lat' dir='ltr'><strong>qui</strong></span> <span class='ocrx_word' id='word_1_148' title='bbox 1136 2239 1227 2300; x_wconf 82' lang='lat' dir='ltr'><strong>lodus</strong></span> <span class='ocrx_word' id='word_1_149' title='bbox 1244 2240 1355 2323; x_wconf 74' lang='grc' dir='ltr'><strong>αὺὲριια</strong></span> <span class='ocrx_word' id='word_1_150' title='bbox 1370 2240 1514 2304; x_wconf 75' lang='lat' dir='ltr'><strong>celebrator</strong></span> 
     </span>
     <span class='ocr_line' id='line_1_19' title="bbox 349 2341 1514 2425; baseline -0.002 -24"><span class='ocrx_word' id='word_1_151' title='bbox 349 2348 377 2401; x_wconf 85' lang='lat' dir='ltr'><strong>et</strong></span> <span class='ocrx_word' id='word_1_152' title='bbox 400 2341 442 2402; x_wconf 87' lang='lat' dir='ltr'><strong>ito</strong></span> <span class='ocrx_word' id='word_1_153' title='bbox 460 2350 601 2422; x_wconf 82' lang='lat' dir='ltr'><strong>praestat</strong></span> <span class='ocrx_word' id='word_1_154' title='bbox 627 2349 662 2404; x_wconf 82' lang='lat' dir='ltr'><strong>ot</strong></span> <span class='ocrx_word' id='word_1_155' title='bbox 683 2350 777 2403; x_wconf 83' lang='lat' dir='ltr'><strong>eortrc</strong></span> <span class='ocrx_word' id='word_1_156' title='bbox 799 2342 908 2404; x_wconf 77' lang='lat' dir='ltr'><strong>collirio</strong></span> <span class='ocrx_word' id='word_1_157' title='bbox 930 2342 1044 2402; x_wconf 82' lang='lat' dir='ltr'><strong>missac</strong></span> <span class='ocrx_word' id='word_1_158' title='bbox 1065 2360 1157 2404; x_wconf 82' lang='lat' dir='ltr'><strong>nuces</strong></span> <span class='ocrx_word' id='word_1_159' title='bbox 1172 2361 1232 2403; x_wconf 82' lang='lat' dir='ltr'><strong>oon</strong></span> <span class='ocrx_word' id='word_1_160' title='bbox 1247 2343 1439 2425; x_wconf 79' lang='lat' dir='ltr'><strong>collipaotar.</strong></span> <span class='ocrx_word' id='word_1_161' title='bbox 1461 2343 1514 2404; x_wconf 84' lang='lat' dir='ltr'><strong>lodo</strong></span> 
     </span>
     <span class='ocr_line' id='line_1_20' title="bbox 349 2445 1514 2526; baseline 0 -22"><span class='ocrx_word' id='word_1_162' title='bbox 349 2461 460 2506; x_wconf 82' lang='grc' dir='ltr'><strong>ιιιιοιιοι</strong></span> <span class='ocrx_word' id='word_1_163' title='bbox 481 2447 565 2507; x_wconf 85' lang='lat' dir='ltr'><strong>circo</strong></span> <span class='ocrx_word' id='word_1_164' title='bbox 587 2464 676 2507; x_wconf 84' lang='lat' dir='ltr'><strong>orcae</strong></span> <span class='ocrx_word' id='word_1_165' title='bbox 698 2445 808 2507; x_wconf 80' lang='lat' dir='ltr'><strong>cottum</strong></span> <span class='ocrx_word' id='word_1_166' title='bbox 828 2446 952 2524; x_wconf 83' lang='lat' dir='ltr'><strong>ponitur</strong></span> <span class='ocrx_word' id='word_1_167' title='bbox 974 2451 1002 2506; x_wconf 88' lang='lat' dir='ltr'><strong>et</strong></span> <span class='ocrx_word' id='word_1_168' title='bbox 1023 2446 1077 2526; x_wconf 79' lang='lat' dir='ltr'><strong>qui</strong></span> <span class='ocrx_word' id='word_1_169' title='bbox 1096 2452 1175 2506; x_wconf 87' lang='lat' dir='ltr'><strong>certo</strong></span> <span class='ocrx_word' id='word_1_170' title='bbox 1199 2447 1280 2507; x_wconf 81' lang='lat' dir='ltr'><strong>iactu</strong></span> <span class='ocrx_word' id='word_1_171' title='bbox 1296 2447 1370 2509; x_wconf 82' lang='lat' dir='ltr'><strong>iacit</strong></span> <span class='ocrx_word' id='word_1_172' title='bbox 1390 2448 1421 2508; x_wconf 82' lang='lat' dir='ltr'><strong>in</strong></span> <span class='ocrx_word' id='word_1_173' title='bbox 1434 2446 1514 2506; x_wconf 81' lang='lat' dir='ltr'><strong>eodem</strong></span> 
     </span>
     <span class='ocr_line' id='line_1_21' title="bbox 349 2545 1514 2627; baseline 0.001 -20"><span class='ocrx_word' id='word_1_174' title='bbox 349 2547 423 2608; x_wconf 84' lang='lat' dir='ltr'><strong>collo</strong></span> <span class='ocrx_word' id='word_1_175' title='bbox 446 2549 541 2609; x_wconf 77' lang='lat' dir='ltr'><strong>victor</strong></span> <span class='ocrx_word' id='word_1_176' title='bbox 570 2549 686 2610; x_wconf 64' lang='lat' dir='ltr'><strong>assistit.</strong></span> <span class='ocrx_word' id='word_1_177' title='bbox 734 2547 850 2627; x_wconf 91' lang='lat' dir='ltr'><strong>prioris</strong></span> <span class='ocrx_word' id='word_1_178' title='bbox 872 2546 939 2609; x_wconf 93' lang='lat' dir='ltr'><strong>ludi</strong></span> <span class='ocrx_word' id='word_1_179' title='bbox 968 2545 1140 2627; x_wconf 71' lang='lat' dir='ltr'><strong>descriptio</strong></span> <span class='ocrx_word' id='word_1_180' title='bbox 1170 2549 1315 2626; x_wconf 79' lang='lat' dir='ltr'><strong>congruit</strong></span> <span class='ocrx_word' id='word_1_181' title='bbox 1338 2549 1514 2623; x_wconf 77' lang='lat' dir='ltr'><strong>comburis,</strong></span> 
     </span>
     <span class='ocr_line' id='line_1_22' title="bbox 350 2648 1517 2732; baseline 0.003 -22"><span class='ocrx_word' id='word_1_182' title='bbox 350 2651 499 2712; x_wconf 82' lang='lat' dir='ltr'><strong>carminis</strong></span> <span class='ocrx_word' id='word_1_183' title='bbox 521 2649 635 2712; x_wconf 92' lang='lat' dir='ltr'><strong>Ovidio</strong></span> <span class='ocrx_word' id='word_1_184' title='bbox 664 2661 750 2712; x_wconf 89' lang='lat' dir='ltr'><strong>certe</strong></span> <span class='ocrx_word' id='word_1_185' title='bbox 779 2669 841 2711; x_wconf 93' lang='lat' dir='ltr'><strong>non</strong></span> <span class='ocrx_word' id='word_1_186' title='bbox 873 2649 1014 2729; x_wconf 77' lang='lat' dir='ltr'><strong>indigni,</strong></span> <span class='ocrx_word' id='word_1_187' title='bbox 1047 2648 1195 2712; x_wconf 87' lang='lat' dir='ltr'><strong>versibus</strong></span> <span class='ocrx_word' id='word_1_188' title='bbox 1217 2649 1315 2728; x_wconf 61' lang='lat' dir='ltr'><strong>sos„</strong></span> <span class='ocrx_word' id='word_1_189' title='bbox 1342 2669 1398 2714; x_wconf 82' lang='lat' dir='ltr'><strong>vos</strong></span> <span class='ocrx_word' id='word_1_190' title='bbox 1425 2668 1517 2732; x_wconf 74' lang='grc' dir='ltr'><strong>ριιορνε</strong></span> 
     </span>
     <span class='ocr_line' id='line_1_23' title="bbox 348 2752 1516 2834; baseline 0 -20"><span class='ocrx_word' id='word_1_191' title='bbox 348 2771 438 2833; x_wconf 84' lang='lat' dir='ltr'><strong>saepe</strong></span> <span class='ocrx_word' id='word_1_192' title='bbox 459 2772 568 2815; x_wconf 83' lang='lat' dir='ltr'><strong>cocum</strong></span> <span class='ocrx_word' id='word_1_193' title='bbox 590 2755 689 2834; x_wconf 81' lang='lat' dir='ltr'><strong>spatio</strong></span> <span class='ocrx_word' id='word_1_194' title='bbox 711 2753 842 2815; x_wconf 79' lang='lat' dir='ltr'><strong>distante</strong></span> <span class='ocrx_word' id='word_1_195' title='bbox 857 2753 977 2814; x_wconf 83' lang='lat' dir='ltr'><strong>locatur</strong></span> <span class='ocrx_word' id='word_1_196' title='bbox 999 2754 1037 2813; x_wconf 84' lang='lat' dir='ltr'><strong>lo</strong></span> <span class='ocrx_word' id='word_1_197' title='bbox 1059 2752 1137 2833; x_wconf 80' lang='lat' dir='ltr'><strong>qood</strong></span> <span class='ocrx_word' id='word_1_198' title='bbox 1159 2754 1255 2814; x_wconf 74' lang='lat' dir='ltr'><strong>misso</strong></span> <span class='ocrx_word' id='word_1_199' title='bbox 1277 2753 1340 2814; x_wconf 83' lang='lat' dir='ltr'><strong>levi</strong></span> <span class='ocrx_word' id='word_1_200' title='bbox 1359 2772 1428 2815; x_wconf 75' lang='lat' dir='ltr'><strong>nuc</strong></span> <span class='ocrx_word' id='word_1_201' title='bbox 1445 2753 1516 2814; x_wconf 87' lang='lat' dir='ltr'><strong>codol</strong></span> 
     </span>
     <span class='ocr_line' id='line_1_24' title="bbox 351 2857 1514 2936; baseline -0.003 -21"><span class='ocrx_word' id='word_1_202' title='bbox 351 2873 414 2916; x_wconf 83' lang='lat' dir='ltr'><strong>noo</strong></span> <span class='ocrx_word' id='word_1_203' title='bbox 437 2874 542 2917; x_wconf 81' lang='lat' dir='ltr'><strong>morio.</strong></span> <span class='ocrx_word' id='word_1_204' title='bbox 567 2875 630 2917; x_wconf 94' lang='lat' dir='ltr'><strong>non</strong></span> <span class='ocrx_word' id='word_1_205' title='bbox 652 2865 783 2918; x_wconf 85' lang='lat' dir='ltr'><strong>attrecto</strong></span> <span class='ocrx_word' id='word_1_206' title='bbox 802 2861 959 2936; x_wconf 84' lang='lat' dir='ltr'><strong>praestat,</strong></span> <span class='ocrx_word' id='word_1_207' title='bbox 985 2873 1177 2934; x_wconf 89' lang='lat' dir='ltr'><strong>quamquam</strong></span> <span class='ocrx_word' id='word_1_208' title='bbox 1205 2873 1268 2916; x_wconf 93' lang='lat' dir='ltr'><strong>non</strong></span> <span class='ocrx_word' id='word_1_209' title='bbox 1292 2858 1369 2918; x_wconf 88' lang='lat' dir='ltr'><strong>satis</strong></span> <span class='ocrx_word' id='word_1_210' title='bbox 1391 2857 1514 2934; x_wconf 78' lang='lat' dir='ltr'><strong>intellego</strong></span> 
     </span>
     <span class='ocr_line' id='line_1_25' title="bbox 350 2958 1513 3039; baseline 0.001 -20"><span class='ocrx_word' id='word_1_211' title='bbox 350 2959 527 3037; x_wconf 87' lang='lat' dir='ltr'><strong>meliusque</strong></span> <span class='ocrx_word' id='word_1_212' title='bbox 551 2958 682 3021; x_wconf 78' lang='lat' dir='ltr'><strong>fortasse</strong></span> <span class='ocrx_word' id='word_1_213' title='bbox 705 2958 857 3021; x_wconf 81' lang='lat' dir='ltr'><strong>scribitur</strong></span> <span class='ocrx_word' id='word_1_214' title='bbox 879 2968 933 3020; x_wconf 88' lang='lat' dir='ltr'><strong>aut</strong></span> <span class='ocrx_word' id='word_1_215' title='bbox 951 2966 1135 3039; x_wconf 83' lang='lat' dir='ltr'><strong>praestator</strong></span> <span class='ocrx_word' id='word_1_216' title='bbox 1157 2968 1211 3020; x_wconf 89' lang='lat' dir='ltr'><strong>aut</strong></span> <span class='ocrx_word' id='word_1_217' title='bbox 1226 2967 1364 3021; x_wconf 73' lang='lat' dir='ltr'><strong>comtos:</strong></span> <span class='ocrx_word' id='word_1_218' title='bbox 1387 2961 1513 3022; x_wconf 87' lang='lat' dir='ltr'><strong>nimirum</strong></span> 
     </span>
     <span class='ocr_line' id='line_1_26' title="bbox 350 3061 1511 3143; baseline -0.003 -21"><span class='ocrx_word' id='word_1_219' title='bbox 350 3079 413 3122; x_wconf 92' lang='lat' dir='ltr'><strong>non</strong></span> <span class='ocrx_word' id='word_1_220' title='bbox 442 3071 509 3123; x_wconf 90' lang='lat' dir='ltr'><strong>tuto</strong></span> <span class='ocrx_word' id='word_1_221' title='bbox 539 3061 730 3125; x_wconf 89' lang='lat' dir='ltr'><strong>emendatur</strong></span> <span class='ocrx_word' id='word_1_222' title='bbox 756 3081 859 3124; x_wconf 88' lang='lat' dir='ltr'><strong>sermo</strong></span> <span class='ocrx_word' id='word_1_223' title='bbox 889 3061 1078 3123; x_wconf 83' lang='lat' dir='ltr'><strong>scholiorum</strong></span> <span class='ocrx_word' id='word_1_224' title='bbox 1107 3078 1170 3122; x_wconf 91' lang='lat' dir='ltr'><strong>non</strong></span> <span class='ocrx_word' id='word_1_225' title='bbox 1200 3061 1293 3124; x_wconf 83' lang='lat' dir='ltr'><strong>valde</strong></span> <span class='ocrx_word' id='word_1_226' title='bbox 1323 3065 1511 3143; x_wconf 85' lang='lat' dir='ltr'><strong>antiquorum.</strong></span> 
     </span>
    </p>

    <p class='ocr_par' dir='ltr' id='par_1_6' title="bbox 292 3153 1511 3552">
     <span class='ocr_line' id='line_1_27' title="bbox 292 3153 1511 3245; baseline -0.001 -20"><span class='ocrx_word' id='word_1_227' title='bbox 292 3167 340 3215; x_wconf 67' lang='lat'><strong>³⁴2</strong></span> <span class='ocrx_word' id='word_1_228' title='bbox 351 3163 408 3225; x_wconf 94' lang='lat' dir='ltr'><strong>sed</strong></span> <span class='ocrx_word' id='word_1_229' title='bbox 431 3165 525 3244; x_wconf 88' lang='lat' dir='ltr'><strong>plane</strong></span> <span class='ocrx_word' id='word_1_230' title='bbox 548 3184 610 3226; x_wconf 95' lang='lat' dir='ltr'><strong>non</strong></span> <span class='ocrx_word' id='word_1_231' title='bbox 635 3175 738 3245; x_wconf 84' lang='lat' dir='ltr'><strong>potest</strong></span> <span class='ocrx_word' id='word_1_232' title='bbox 761 3153 907 3244; x_wconf 75' lang='lat' dir='ltr'><strong>intellegi</strong></span> <span class='ocrx_word' id='word_1_233' title='bbox 932 3163 1017 3243; x_wconf 93' lang='lat' dir='ltr'><strong>quod</strong></span> <span class='ocrx_word' id='word_1_234' title='bbox 1033 3163 1151 3226; x_wconf 88' lang='lat' dir='ltr'><strong>deinde</strong></span> <span class='ocrx_word' id='word_1_235' title='bbox 1167 3167 1314 3243; x_wconf 88' lang='lat' dir='ltr'><strong>sequitur</strong></span> <span class='ocrx_word' id='word_1_236' title='bbox 1330 3163 1511 3227; x_wconf 77' lang='lat' dir='ltr'><strong>ltodo&#39;oomn.</strong></span> 
     </span>
     <span class='ocr_line' id='line_1_28' title="bbox 349 3265 1511 3348; baseline 0 -22"><span class='ocrx_word' id='word_1_237' title='bbox 349 3285 366 3326; x_wconf 92' lang='lat' dir='ltr'><strong>a</strong></span> <span class='ocrx_word' id='word_1_238' title='bbox 389 3265 507 3346; x_wconf 89' lang='lat' dir='ltr'><strong>quibus</strong></span> <span class='ocrx_word' id='word_1_239' title='bbox 529 3266 638 3330; x_wconf 88' lang='lat' dir='ltr'><strong>verbis</strong></span> <span class='ocrx_word' id='word_1_240' title='bbox 660 3267 727 3329; x_wconf 92' lang='lat' dir='ltr'><strong>ludi</strong></span> <span class='ocrx_word' id='word_1_241' title='bbox 744 3269 885 3348; x_wconf 89' lang='lat' dir='ltr'><strong>paullum</strong></span> <span class='ocrx_word' id='word_1_242' title='bbox 901 3265 1020 3328; x_wconf 89' lang='lat' dir='ltr'><strong>diversi</strong></span> <span class='ocrx_word' id='word_1_243' title='bbox 1043 3266 1214 3346; x_wconf 88' lang='lat' dir='ltr'><strong>descriptio</strong></span> <span class='ocrx_word' id='word_1_244' title='bbox 1237 3265 1361 3347; x_wconf 89' lang='lat' dir='ltr'><strong>incipit.</strong></span> <span class='ocrx_word' id='word_1_245' title='bbox 1392 3267 1511 3330; x_wconf 88' lang='lat' dir='ltr'><strong>scriben-</strong></span> 
     </span>
     <span class='ocr_line' id='line_1_29' title="bbox 349 3368 1511 3444; baseline -0.004 -12"><span class='ocrx_word' id='word_1_246' title='bbox 349 3369 425 3432; x_wconf 89' lang='lat' dir='ltr'><strong>dum</strong></span> <span class='ocrx_word' id='word_1_247' title='bbox 449 3379 623 3432; x_wconf 78' lang='lat' dir='ltr'><strong>estensem</strong></span> <span class='ocrx_word' id='word_1_248' title='bbox 647 3371 695 3432; x_wconf 85' lang='lat' dir='ltr'><strong>vel</strong></span> <span class='ocrx_word' id='word_1_249' title='bbox 717 3370 790 3432; x_wconf 81' lang='lat' dir='ltr'><strong>ordo</strong></span> <span class='ocrx_word' id='word_1_250' title='bbox 814 3387 942 3444; x_wconf 77' lang='lat' dir='ltr'><strong>trucum,</strong></span> <span class='ocrx_word' id='word_1_251' title='bbox 974 3379 1046 3430; x_wconf 86' lang='lat' dir='ltr'><strong>nota</strong></span> <span class='ocrx_word' id='word_1_252' title='bbox 1069 3369 1122 3430; x_wconf 90' lang='lat' dir='ltr'><strong>illa</strong></span> <span class='ocrx_word' id='word_1_253' title='bbox 1144 3369 1159 3429; x_wconf 84' lang='lat' dir='ltr'><strong>l</strong></span> <span class='ocrx_word' id='word_1_254' title='bbox 1180 3387 1243 3431; x_wconf 93' lang='lat' dir='ltr'><strong>non</strong></span> <span class='ocrx_word' id='word_1_255' title='bbox 1268 3381 1354 3432; x_wconf 88' lang='lat' dir='ltr'><strong>recte</strong></span> <span class='ocrx_word' id='word_1_256' title='bbox 1376 3372 1449 3433; x_wconf 79' lang='lat' dir='ltr'><strong>lecto</strong></span> <span class='ocrx_word' id='word_1_257' title='bbox 1467 3368 1511 3429; x_wconf 69' lang='lat' dir='ltr'><strong>de</strong></span> 
     </span>
     <span class='ocr_line' id='line_1_30' title="bbox 351 3472 753 3552; baseline 0.002 -20"><span class='ocrx_word' id='word_1_258' title='bbox 351 3475 545 3552; x_wconf 86' lang='lat' dir='ltr'><strong>pravationis</strong></span> <span class='ocrx_word' id='word_1_259' title='bbox 568 3491 661 3534; x_wconf 86' lang='lat' dir='ltr'><strong>causa</strong></span> <span class='ocrx_word' id='word_1_260' title='bbox 684 3472 753 3535; x_wconf 88' lang='lat' dir='ltr'><strong>luit.</strong></span> 
     </span>
    </p>

    <p class='ocr_par' dir='ltr' id='par_1_7' title="bbox 351 3572 1512 3758">
     <span class='ocr_line' id='line_1_31' title="bbox 435 3572 1512 3658; baseline -0.004 -22"><span class='ocrx_word' id='word_1_261' title='bbox 435 3577 550 3636; x_wconf 84' lang='lat' dir='ltr'><strong>XLVll.</strong></span> <span class='ocrx_word' id='word_1_262' title='bbox 597 3572 630 3637; x_wconf 96' lang='lat' dir='ltr'><strong>ln</strong></span> <span class='ocrx_word' id='word_1_263' title='bbox 662 3575 765 3637; x_wconf 79' lang='lat' dir='ltr'><strong>laude</strong></span> <span class='ocrx_word' id='word_1_264' title='bbox 789 3575 948 3657; x_wconf 80' lang='lat' dir='ltr'><strong>Messallae</strong></span> <span class='ocrx_word' id='word_1_265' title='bbox 978 3593 1007 3636; x_wconf 88' lang='grc' dir='ltr'><strong>ν.</strong></span> <span class='ocrx_word' id='word_1_266' title='bbox 1028 3575 1090 3634; x_wconf 76' lang='lat' dir='ltr'><strong>tto</strong></span> <span class='ocrx_word' id='word_1_267' title='bbox 1112 3576 1255 3654; x_wconf 78' lang='lat' dir='ltr'><strong>ignotum</strong></span> <span class='ocrx_word' id='word_1_268' title='bbox 1285 3578 1392 3658; x_wconf 90' lang='lat' dir='ltr'><strong>populi</strong></span> <span class='ocrx_word' id='word_1_269' title='bbox 1420 3591 1512 3638; x_wconf 86' lang='lat' dir='ltr'><strong>nomen</strong></span> 
     </span>
     <span class='ocr_line' id='line_1_32' title="bbox 351 3678 479 3758; baseline -0.008 -19"><span class='ocrx_word' id='word_1_270' title='bbox 351 3678 479 3758; x_wconf 78' lang='lat' dir='ltr'><strong>legitur,</strong></span> 
     </span>
    </p>

    <p class='ocr_par' dir='ltr' id='par_1_8' title="bbox 350 3780 1512 4584">
     <span class='ocr_line' id='line_1_33' title="bbox 458 3780 1425 3864; baseline -0.002 -22"><span class='ocrx_word' id='word_1_271' title='bbox 458 3799 576 3863; x_wconf 77' lang='lat' dir='ltr'><strong>qiooqoe</strong></span> <span class='ocrx_word' id='word_1_272' title='bbox 598 3780 719 3842; x_wconf 80' lang='lat' dir='ltr'><strong>Hebrus</strong></span> <span class='ocrx_word' id='word_1_273' title='bbox 746 3783 915 3861; x_wconf 81' lang='lat' dir='ltr'><strong>Tanaisque</strong></span> <span class='ocrx_word' id='word_1_274' title='bbox 939 3781 1030 3841; x_wconf 83' lang='lat' dir='ltr'><strong>Getas</strong></span> <span class='ocrx_word' id='word_1_275' title='bbox 1053 3781 1136 3862; x_wconf 77' lang='lat' dir='ltr'><strong>ripot</strong></span> <span class='ocrx_word' id='word_1_276' title='bbox 1156 3788 1248 3862; x_wconf 79' lang='lat' dir='ltr'><strong>etque</strong></span> <span class='ocrx_word' id='word_1_277' title='bbox 1270 3783 1425 3864; x_wconf 77' lang='grc' dir='ltr'><strong>Μαρριιοτ.</strong></span> 
     </span>
     <span class='ocr_line' id='line_1_34' title="bbox 350 3883 1512 3964; baseline -0.003 -20"><span class='ocrx_word' id='word_1_278' title='bbox 350 3883 390 3945; x_wconf 91' lang='lat' dir='ltr'><strong>de</strong></span> <span class='ocrx_word' id='word_1_279' title='bbox 413 3903 475 3964; x_wconf 90' lang='lat' dir='ltr'><strong>quo</strong></span> <span class='ocrx_word' id='word_1_280' title='bbox 498 3884 626 3945; x_wconf 91' lang='lat' dir='ltr'><strong>nomine</strong></span> <span class='ocrx_word' id='word_1_281' title='bbox 649 3884 862 3944; x_wconf 89' lang='lat' dir='ltr'><strong>coniecturam</strong></span> <span class='ocrx_word' id='word_1_282' title='bbox 878 3883 982 3944; x_wconf 88' lang='lat' dir='ltr'><strong>lacere</strong></span> <span class='ocrx_word' id='word_1_283' title='bbox 1005 3901 1041 3944; x_wconf 86' lang='lat' dir='ltr'><strong>ao</strong></span> <span class='ocrx_word' id='word_1_284' title='bbox 1064 3884 1273 3963; x_wconf 89' lang='lat' dir='ltr'><strong>periculosius</strong></span> <span class='ocrx_word' id='word_1_285' title='bbox 1290 3894 1338 3946; x_wconf 89' lang='lat' dir='ltr'><strong>est</strong></span> <span class='ocrx_word' id='word_1_286' title='bbox 1356 3902 1415 3964; x_wconf 89' lang='lat' dir='ltr'><strong>quo</strong></span> <span class='ocrx_word' id='word_1_287' title='bbox 1429 3883 1512 3943; x_wconf 79' lang='lat' dir='ltr'><strong>minus</strong></span> 
     </span>
     <span class='ocr_line' id='line_1_35' title="bbox 350 3982 1510 4066; baseline 0.002 -20"><span class='ocrx_word' id='word_1_288' title='bbox 350 3987 467 4048; x_wconf 91' lang='lat' dir='ltr'><strong>scimus</strong></span> <span class='ocrx_word' id='word_1_289' title='bbox 500 4005 595 4066; x_wconf 91' lang='lat' dir='ltr'><strong>quam</strong></span> <span class='ocrx_word' id='word_1_290' title='bbox 626 3996 711 4048; x_wconf 88' lang='lat' dir='ltr'><strong>recte</strong></span> <span class='ocrx_word' id='word_1_291' title='bbox 739 3984 998 4048; x_wconf 80' lang='lat' dir='ltr'><strong>adidescentulus</strong></span> <span class='ocrx_word' id='word_1_292' title='bbox 1027 3987 1082 4066; x_wconf 91' lang='lat' dir='ltr'><strong>qui</strong></span> <span class='ocrx_word' id='word_1_293' title='bbox 1119 3987 1177 4047; x_wconf 89' lang='lat' dir='ltr'><strong>boo</strong></span> <span class='ocrx_word' id='word_1_294' title='bbox 1211 4005 1341 4048; x_wconf 86' lang='lat' dir='ltr'><strong>carmen</strong></span> <span class='ocrx_word' id='word_1_295' title='bbox 1374 3982 1510 4065; x_wconf 75' lang='lat' dir='ltr'><strong>conposuit</strong></span> 
     </span>
     <span class='ocr_line' id='line_1_36' title="bbox 350 4085 1509 4171; baseline -0.004 -20"><span class='ocrx_word' id='word_1_296' title='bbox 350 4089 465 4169; x_wconf 88' lang='lat' dir='ltr'><strong>puerili</strong></span> <span class='ocrx_word' id='word_1_297' title='bbox 489 4088 668 4152; x_wconf 89' lang='lat' dir='ltr'><strong>eruditione</strong></span> <span class='ocrx_word' id='word_1_298' title='bbox 690 4107 767 4152; x_wconf 87' lang='lat' dir='ltr'><strong>usus</strong></span> <span class='ocrx_word' id='word_1_299' title='bbox 788 4090 841 4150; x_wconf 89' lang='lat' dir='ltr'><strong>sit.</strong></span> <span class='ocrx_word' id='word_1_300' title='bbox 888 4107 993 4169; x_wconf 86' lang='lat' dir='ltr'><strong>neque</strong></span> <span class='ocrx_word' id='word_1_301' title='bbox 1016 4089 1155 4169; x_wconf 88' lang='lat' dir='ltr'><strong>speciem</strong></span> <span class='ocrx_word' id='word_1_302' title='bbox 1183 4087 1412 4171; x_wconf 84' lang='lat' dir='ltr'><strong>probabilitatis</strong></span> <span class='ocrx_word' id='word_1_303' title='bbox 1436 4085 1509 4148; x_wconf 82' lang='lat' dir='ltr'><strong>habet</strong></span> 
     </span>
     <span class='ocr_line' id='line_1_37' title="bbox 352 4191 1509 4272; baseline 0 -21"><span class='ocrx_word' id='word_1_304' title='bbox 352 4191 490 4269; x_wconf 79' lang='lat' dir='ltr'><strong>Gelonos,</strong></span> <span class='ocrx_word' id='word_1_305' title='bbox 516 4191 601 4272; x_wconf 90' lang='lat' dir='ltr'><strong>quod</strong></span> <span class='ocrx_word' id='word_1_306' title='bbox 624 4193 754 4254; x_wconf 88' lang='lat' dir='ltr'><strong>lohanni</strong></span> <span class='ocrx_word' id='word_1_307' title='bbox 777 4193 911 4253; x_wconf 89' lang='lat' dir='ltr'><strong>Henrico</strong></span> <span class='ocrx_word' id='word_1_308' title='bbox 927 4191 1034 4254; x_wconf 88' lang='lat' dir='ltr'><strong>Vossio</strong></span> <span class='ocrx_word' id='word_1_309' title='bbox 1056 4202 1089 4254; x_wconf 91' lang='lat' dir='ltr'><strong>et</strong></span> <span class='ocrx_word' id='word_1_310' title='bbox 1109 4199 1183 4254; x_wconf 88' lang='lat' dir='ltr'><strong>ante</strong></span> <span class='ocrx_word' id='word_1_311' title='bbox 1206 4211 1280 4254; x_wconf 86' lang='lat' dir='ltr'><strong>enm</strong></span> <span class='ocrx_word' id='word_1_312' title='bbox 1303 4193 1372 4254; x_wconf 89' lang='lat' dir='ltr'><strong>aliis</strong></span> <span class='ocrx_word' id='word_1_313' title='bbox 1392 4193 1421 4253; x_wconf 95' lang='lat' dir='ltr'><strong>in</strong></span> <span class='ocrx_word' id='word_1_314' title='bbox 1441 4207 1509 4251; x_wconf 86' lang='lat' dir='ltr'><strong>noo·</strong></span> 
     </span>
     <span class='ocr_line' id='line_1_38' title="bbox 350 4289 1510 4376; baseline -0.005 -21"><span class='ocrx_word' id='word_1_315' title='bbox 350 4305 414 4355; x_wconf 89' lang='lat' dir='ltr'><strong>tem</strong></span> <span class='ocrx_word' id='word_1_316' title='bbox 437 4295 536 4356; x_wconf 83' lang='lat' dir='ltr'><strong>venit.</strong></span> <span class='ocrx_word' id='word_1_317' title='bbox 570 4293 674 4376; x_wconf 86' lang='lat' dir='ltr'><strong>paullo</strong></span> <span class='ocrx_word' id='word_1_318' title='bbox 689 4296 826 4357; x_wconf 91' lang='lat' dir='ltr'><strong>similius</strong></span> <span class='ocrx_word' id='word_1_319' title='bbox 847 4297 916 4356; x_wconf 85' lang='lat' dir='ltr'><strong>veri</strong></span> <span class='ocrx_word' id='word_1_320' title='bbox 932 4294 1037 4356; x_wconf 88' lang='lat' dir='ltr'><strong>videri</strong></span> <span class='ocrx_word' id='word_1_321' title='bbox 1059 4305 1173 4375; x_wconf 83' lang='lat' dir='ltr'><strong>potest,</strong></span> <span class='ocrx_word' id='word_1_322' title='bbox 1199 4295 1258 4357; x_wconf 87' lang='lat' dir='ltr'><strong>sed</strong></span> <span class='ocrx_word' id='word_1_323' title='bbox 1273 4307 1309 4358; x_wconf 91' lang='lat' dir='ltr'><strong>ut</strong></span> <span class='ocrx_word' id='word_1_324' title='bbox 1329 4307 1426 4358; x_wconf 82' lang='lat' dir='ltr'><strong>tamen</strong></span> <span class='ocrx_word' id='word_1_325' title='bbox 1440 4289 1510 4353; x_wconf 82' lang='lat' dir='ltr'><strong>valde</strong></span> 
     </span>
     <span class='ocr_line' id='line_1_39' title="bbox 352 4394 1510 4480; baseline -0.003 -23"><span class='ocrx_word' id='word_1_326' title='bbox 352 4399 507 4459; x_wconf 90' lang='lat' dir='ltr'><strong>incertum</strong></span> <span class='ocrx_word' id='word_1_327' title='bbox 531 4399 583 4476; x_wconf 88' lang='lat' dir='ltr'><strong>sit,</strong></span> <span class='ocrx_word' id='word_1_328' title='bbox 608 4399 788 4479; x_wconf 80' lang='lat' dir='ltr'><strong>neglectum</strong></span> <span class='ocrx_word' id='word_1_329' title='bbox 812 4397 1094 4460; x_wconf 76' lang='lat' dir='ltr'><strong>alibulliancrum</strong></span> <span class='ocrx_word' id='word_1_330' title='bbox 1111 4400 1288 4461; x_wconf 89' lang='lat' dir='ltr'><strong>carminum</strong></span> <span class='ocrx_word' id='word_1_331' title='bbox 1312 4394 1510 4480; x_wconf 74' lang='lat' dir='ltr'><strong>interpretibus</strong></span> 
     </span>
     <span class='ocr_line' id='line_1_40' title="bbox 352 4495 1508 4584; baseline -0.002 -22"><span class='ocrx_word' id='word_1_332' title='bbox 352 4501 498 4583; x_wconf 70' lang='grc' dir='ltr'><strong>δέρμασι,</strong></span> <span class='ocrx_word' id='word_1_333' title='bbox 534 4500 618 4582; x_wconf 90' lang='lat' dir='ltr'><strong>qnod</strong></span> <span class='ocrx_word' id='word_1_334' title='bbox 656 4504 818 4583; x_wconf 91' lang='lat' dir='ltr'><strong>proposuit</strong></span> <span class='ocrx_word' id='word_1_335' title='bbox 855 4503 979 4565; x_wconf 87' lang='lat' dir='ltr'><strong>isaacus</strong></span> <span class='ocrx_word' id='word_1_336' title='bbox 1013 4503 1143 4566; x_wconf 83' lang='lat' dir='ltr'><strong>Vossius</strong></span> <span class='ocrx_word' id='word_1_337' title='bbox 1180 4503 1222 4566; x_wconf 89' lang='lat' dir='ltr'><strong>ad</strong></span> <span class='ocrx_word' id='word_1_338' title='bbox 1256 4504 1411 4584; x_wconf 84' lang='lat' dir='ltr'><strong>Periploni</strong></span> <span class='ocrx_word' id='word_1_339' title='bbox 1443 4495 1508 4560; x_wconf 82' lang='lat' dir='ltr'><strong>Ponti</strong></span> 
     </span>
    </p>
   </div>
   <div class='ocr_carea' id='block_1_3' title="bbox 0 0 1594 5136">
    <p class='ocr_par' dir='ltr' id='par_1_9' title="bbox 0 0 1594 5136">
     <span class='ocr_line' id='line_1_41' title="bbox 0 0 1594 5136; baseline 0 1"><span class='ocrx_word' id='word_1_340' title='bbox 0 0 1594 5136; x_wconf 95' lang='lat' dir='ltr'><strong> </strong></span> 
     </span>
    </p>
   </div>
  </div>
 </body>
</html>
