3182 5132
535 461 705 524 Αιυιιτοτι.
1143 449 1216 522 385

44 655 69 714 in
92 653 194 714 multis
217 652 309 714 libris
334 655 365 714 in
387 650 468 716 τουτί
489 651 696 732 deprevatum
720 662 779 713 est.
827 650 967 732 denique
983 655 1148 716 coniuncta
1164 653 1219 717 παῖ

42 767 69 818 ct
89 750 243 841 παιδάριον
268 756 299 816 in
325 758 381 818 hac
404 755 601 817 cavillatione
624 774 687 816 non
712 755 810 836 magis
830 753 998 836 displicent
1014 777 1108 838 quam
1124 757 1218 820 blan-

42 860 206 922 dimentum
230 859 309 922 illud
333 857 597 940 Aristophanem
621 853 785 944 Εὐριπίδη,
814 853 986 945 Εὐριπίδιον
995 907 1004 936 ,
1030 862 1079 924 cui
1104 863 1216 924 similia

41 963 106 1025 addi
129 973 270 1044 possunt.
319 963 483 1043 Phiiippus
506 982 567 1024 non
593 981 674 1044 puer
696 972 752 1042 est,
778 961 835 1026 sed
858 965 979 1027 amicus
1001 965 1130 1045 quidam
1148 967 1219 1028 Gal-

43 1068 169 1129 limaohi.
217 1067 250 1127 in
275 1066 447 1144 Nicotelcn,
476 1067 611 1148 Philippi
634 1067 767 1129 alicuius
791 1067 902 1147 lilium,
928 1067 1114 1130 duodecimo
1136 1089 1218 1131 anno

43 1181 188 1233 mortuum
213 1173 409 1251 epigramma
432 1171 570 1252 scripsit,
596 1169 680 1250 qued
705 1179 753 1232 est
775 1169 871 1232 anth.
891 1172 952 1232 Pal.
972 1191 1011 1233 νιι
1028 1173 1100 1234 t53.

116 1276 173 1335 LV.
206 1275 302 1336 Multa
333 1284 480 1354 temptata
511 1284 585 1336 sunt
613 1274 645 1335 in
676 1271 823 1337 versibus
844 1273 1022 1337 Archilochi
1046 1295 1125 1356 quos
1148 1278 1276 1339 Sto-³³⁰

43 1379 131 1440 liaeus
152 1377 251 1440 Anth.
270 1399 305 1438 cx
326 1379 361 1438 10
385 1379 536 1458 servavit,
562 1388 775 1441 consummata
798 1389 904 1440 autem
928 1379 1068 1442 nondum
1092 1379 1219 1442 videtur

42 1502 101 1543 csse
124 1501 234 1544 eornm
258 1481 449 1543 emendatio.
498 1481 572 1542 libri
596 1483 672 1543 haee
696 1482 861 1562 praebent,

136 1581 312 1670 Χρημάτων
335 1575 462 1648 ἄελπτον
485 1579 572 1649 οὐδέν
595 1585 673 1648 ἐστιν
696 1578 763 1648 οὐδ’
789 1579 947 1670 ἀπώμοτον

137 1683 210 1754 οὐδὲ
235 1681 417 1772 θαυμάσιον,
442 1683 545 1773 ἐπειδὴ
571 1683 657 1768 Ζεύς,
681 1683 780 1774 πατὴρ
798 1684 977 1774 Ὀλυμπίων,

136 1793 171 1857 ἐκ
195 1790 383 1878 μεσημβρίης
405 1790 498 1874 ἔθνριε
521 1785 618 1870 νύκτ’,
644 1787 819 1879 ἀποκρύψας
841 1786 917 1877 φάος

137 1891 228 1979 ἡλίου
251 1889 428 1979 λάμποντος,
454 1891 561 1982 λυγρὸν
585 1891 612 1958 δ’
639 1887 713 1981 ἦλθ’
740 1891 788 1959 ἐπ’
816 1891 992 1983 ἀνθρώπους
1014 1897 1091 1971 δέος.

138 2000 172 2062 ἐκ
197 1996 232 2062 δὲ
254 2000 308 2063 rori
331 1993 384 2063 οὐκ
407 1989 516 2064 ἄπιστα
538 1993 635 2064 πάντα
656 1993 823 2064 κᾶπίελπτα
844 2000 976 2086 γίγνεται

140 2097 296 2188 ἀνδράσιν.
346 2099 450 2186 μηδεὶς
472 2100 520 2167 ἔθ’
549 2098 631 2186 ὑμῶν
655 2103 780 2188 εἰσορῶν
804 2103 985 2188 θαυμαζέτω

139 2203 213 2292 μηδ’
240 2203 291 2270 ἵνα
316 2207 433 2293 δελφῖσι
455 2207 548 2293 θῆρες
571 2203 811 2293 άνταμείψιονται
833 2202 922 2292 νομὸν

137 2305 260 2376 ἐνάλιον
282 2310 334 2375 καί
356 2335 425 2398 σφιν
448 2306 605 2396 θαλάσσης
626 2305 761 2397 ἠχήεντα
783 2305 902 2396 κύματα

138 2411 258 2503 φίλτερ’
284 2409 409 2501 ἠπείρου
432 2415 565 2500 γένηται,
589 2409 716 2478 τοῖσιδ’
743 2409 802 2499 iti
825 2407 862 2500 ἦν
885 2407 963 2500 ὅρος.

47 2541 160 2583 versum
176 2528 329 2602 quartum
341 2520 568 2582 Valckenarius
582 2520 612 2581 in
626 2521 851 2582 commentario
864 2521 1103 2585 Phoenissarum
1117 2544 1148 2605 p.
1160 2523 1221 2584 4⁸7

47 2627 155 2702 putavit
177 2623 220 2687 ad
243 2643 394 2686 numeros
416 2643 489 2686 suos
512 2625 553 2685 ite
579 2623 708 2685 tortasse
729 2622 948 2686 reducendum
965 2644 1033 2686 esse
1051 2637 1085 2686 ut
1100 2626 1222 2689 scribe-

48 2738 120 2790 retur
147 2721 251 2814 ὑγρόν.
299 2747 359 2789 non
389 2727 470 2789 dixit
493 2728 618 2807 qualem
641 2735 795 2788 statueret
817 2727 886 2790 eius
909 2729 996 2790 vocis
1018 2729 1222 2809 significatio-

49 2850 118 2892 nem.
165 2851 279 2894 verum
303 2832 362 2893 etsi
385 2832 468 2892 lluxa
483 2831 588 2892 mollia
606 2830 788 2911 languentia
804 2850 866 2892 non
884 2850 1057 2912 numquam
1074 2831 1223 2894 dicuntur

47 2927 125 3018 υρρά,
152 2939 207 2999 vix
229 2945 336 2998 tamen
359 2934 513 2997 credibile
538 2943 585 2996 est
608 2931 674 3005 δέος
698 2953 733 2995 eo
758 2933 849 2996 modo
872 2927 959 3020 θρρδν
982 2935 1043 2997 dici
1068 2935 1219 3016 potuisse,

49 3057 157 3119 noque,
191 3050 226 3102 ut
249 3040 372 3121 opinor,
398 3039 497 3118 magis
519 3045 650 3118 propter
671 3037 821 3102 sudorem
844 3057 937 3119 quom
961 3040 1104 3100 anxietas
1125 3039 1222 3100 animi

50 3145 197 3223 exprimit.
246 3142 413 3224 pulchrum
438 3151 486 3203 est
510 3133 621 3225 ὠχρόν,
648 3141 733 3220 quod
749 3141 932 3204 Gaislordus
947 3142 1124 3204 bentleium
1148 3161 1223 3203 con-

51 3247 147 3310 iecisse
169 3247 301 3311 scribit:
327 3244 384 3307 sed
408 3244 482 3307 inde
507 3241 575 3306 fieri
600 3247 738 3326 potuisse
761 3237 869 3329 λυγρόν
890 3247 959 3307 veri
977 3263 1039 3307 non
1055 3245 1222 3309 admodum

51 3351 138 3412 simile
168 3362 228 3414 est.
276 3351 408 3412 aliorum
439 3359 615 3411 commenta
645 3349 764 3410 omitto.
811 3349 888 3410 mihi
920 3343 1046 3435 λυγρόν,
1078 3348 1163 3429 quod
1192 3359 1224 3410 et

52 3463 144 3532 aptum
168 3463 218 3516 est
241 3463 273 3516 et
295 3453 470 3534 poeticum,
495 3452 624 3515 videtur
647 3473 717 3514 esse
740 3452 943 3532 servandum,
970 3463 1003 3515 ut
1026 3462 1130 3515 autem
1154 3471 1223 3514 ser*

53 3559 109 3617 vari
124 3559 220 3639 possit
235 3555 443 3620 scribendum
458 3547 537 3641 ἡλίῳ
553 3553 707 3640 λάμποντι.
757 3575 817 3618 non
834 3557 940 3618 minus
956 3565 1040 3618 recte
1056 3556 1112 3616 soli
1128 3573 1221 3634 quam

53 3661 114 3722 solis
135 3664 241 3725 lumen
265 3660 369 3742 obtegi
394 3660 522 3722 dicitur.
569 3662 711 3740 proximo
735 3679 829 3722 versu
846 3671 952 3722 utrum
971 3657 1168 3739 probandum
1184 3658 1225 3718 sit

54 3764 125 3842 quod
147 3764 307 3828 Liebelius
336 3765 464 3845 scripsit
492 3763 526 3826 ἐκ
557 3759 590 3825 δὲ
617 3767 670 3827 τοῦ
699 3759 749 3826 κοιλ
776 3757 866 3826 πιστὰ
894 3757 991 3825 πάντα
1018 3780 1057 3822 an
1088 3769 1225 3840 praestet

54 3867 214 3930 Thiersehii
237 3867 271 3930 ἐκ
294 3865 327 3930 δὲ
349 3869 401 3931 τοῦ
424 3858 553 3931 κάπιστα
575 3860 666 3929 πιστά
688 3867 764 3928 mihi
788 3886 850 3928 non
874 3867 991 3947 liquet;
1019 3866 1125 3926 minus
1145 3863 1226 3924 hona

54 3971 97 4030 alii
123 3973 332 4052 protulerunt.
380 3991 451 4032 mox
479 3965 562 4055 ὑμῶν
585 3969 760 4032 hlcinekius
782 3989 860 4032 num
884 3978 966 4031 recte
991 3971 1022 4028 in
1046 3959 1132 4050 ἡμῶν
1156 3987 1227 4028 mu-

56 4076 155 4138 taverit
171 4095 233 4138 non
246 4075 374 4138 videtur
387 4095 477 4156 posse
490 4075 551 4138 dici
564 4095 570 4136 :
590 4073 646 4136 sed
664 4073 747 4136 idem
759 4066 889 4159 ἠχέεντοι
902 4072 1075 4134 rectissime
1088 4069 1224 4150 scripsit.

55 4169 96 4237 ἴνα
109 4179 311 4242 Valckenario
333 4181 366 4241 in
389 4172 442 4242 ἐάν
464 4177 651 4241 mutandum
668 4195 736 4238 esse
755 4175 935 4238 videbatur.
975 4174 1146 4254 quodcum
1164 4191 1225 4234 non

59 4285 207 4345 conveniat
236 4284 375 4344 sermoni
398 4280 595 4361 Archilochi,
629 4280 782 4360 Bergkius
812 4270 1043 4359 transcripsit.
1090 4274 1146 4338 sed
1171 4275 1229 4336 hoe

58 4387 195 4459 quomodo
218 4389 250 4448 in
272 4381 323 4449 ἵνα
346 4386 515 4468 depravari
538 4385 677 4466 potuerit
692 4402 753 4444 non
773 4383 942 4463 adsequor.
990 4399 1089 4462 quare
1105 4365 1228 4442 adsen-¹

59 4485 185 4550 tiendum
216 4509 285 4552 esse
314 4492 459 4552 existimo
482 4487 666 4550 Thiersehio
695 4471 727 4549 el
750 4488 928 4549 Hermanno
957 4477 999 4546 ἵν’
1025 4473 1062 4547 ἄν
1085 4480 1283 4544 scribon-ast

60 4585 140 4650 tibus.
186 4591 312 4656 videtur
342 4595 429 4657 enim
460 4593 534 4654 mihi
566 4593 766 4654 hermannus
795 4587 835 4651 de
865 4599 946 4671 part.
979 4577 1014 4650 ἄν
1037 4606 1058 4648 n
1078 4586 1114 4646 li
1145 4593 1228 4644 recte
