3178 5136
594 432 699 496 Viam.
1167 419 1240 532 527

139 619 229 692 Quod
245 621 317 681 Var.
337 621 415 683 llist.
434 639 484 682 nv
501 621 538 680 lb
555 641 588 702 p.
602 621 661 682 l63
681 623 719 682 l9
733 622 769 682 Η.
796 621 908 683 Coraes
924 641 965 684 ex
981 615 1152 686 ἀνιοόσαντα
1168 620 1242 684 lecit

57 715 218 806 ἐκλαβόντα
244 733 451 805 occupaverat
474 724 733 806 Struohtmeyrus
755 725 814 805 Ep.
839 727 911 787 orit.
937 725 969 786 in
993 724 1117 788 Glossas
1139 727 1242 786 nomi-

57 827 231 905 cespiti.

137 926 290 991 Aelianus
313 939 335 990 t.
354 948 376 991 n
397 949 430 1010 p.
449 931 511 991 269
535 930 621 990 teil.
650 929 741 1013 [fpm.
760 930 848 1012 275.]
874 925 979 994 blooo'v
1009 953 1042 994 τε
1071 929 1168 1014 μίμων
1191 929 1242 994 ναὶ

57 1031 255 1115 κορδακιστῶν
277 1028 346 1116 περὶ
368 1025 457 1095 αὖτόν
482 1026 564 1116 μάλα
584 1033 701 1116 πλῆθος
724 1030 816 1118 εἶχεν.
858 1043 943 1095 muto
967 1025 1050 1116 μάλα
1072 1035 1106 1096 in
1129 1033 1218 1118 μέγα.

138 1135 284 1196 LXXXII.
330 1133 470 1198 Achilles
492 1136 599 1198 Tatius
621 1138 692 1197 ivl
724 1136 802 1198 haec
830 1135 944 1215 habet,
976 1132 1155 1220 προνομεύει
1183 1129 1242 1221 γὰρ

57 1229 135 1321 αὐτῷ
162 1237 333 1318 (elephanti
356 1237 528 1321 probosois)
561 1232 614 1310 τὰς
642 1232 752 1322 βοσκὰς
780 1233 832 1301 καλ
859 1229 957 1301 πᾶνό
986 1261 1015 1302 τι
1044 1231 1080 1302 ἂν
1103 1234 1242 1322 ἐμποδών

57 1331 125 1424 εόρῃ
150 1337 255 1402 σιτίον.
301 1333 355 1403 ἐὰν
385 1337 518 1426 μὲνγὰρ
548 1331 569 1427 ᾖ
596 1331 669 1426 όψον
698 1339 876 1422 ἐλέφαντος,
908 1337 999 1425 ἔλαβέ
1026 1365 1058 1405 τε
1081 1335 1171 1413 etot<
1193 1337 1244 1405 καὶ

56 1441 269 1528 ἐπιπτοχθεῖσα
291 1437 372 1506 κάτω
393 1439 466 1529 πρὸς
488 1440 541 1528 τὴν
564 1444 650 1529 γένυν
671 1447 716 1530 τῷ
738 1438 863 1528 στόματι
884 1437 937 1527 τὴν
960 1439 1073 1530 τροφὴν
1097 1445 1240 1522 διακονεῖ,

57 1537 89 1607 do
113 1545 145 1608 δέ
174 1569 205 1610 τι
232 1547 292 1609 τῶν
322 1539 490 1632 ἁδροτέρων
519 1543 589 1632 ἴδῃ,
624 1541 720 1634 τοότιρ
746 1541 922 1632 περιβάλλει
948 1540 1049 1633 κόκλιρ
1071 1541 1125 1632 τὴν
1148 1537 1243 1633 ἄγραν

56 1648 245 1734 περισφίγὶας
267 1646 318 1712 ναὶ
340 1641 447 1736 ὤρεξεν
472 1641 533 1714 όνω
557 1651 652 1736 δῶρον
676 1645 816 1736 δεσπότῃ.
855 1653 999 1731 ineptum
1022 1671 1091 1714 esse
1114 1645 1243 1737 ἁδροτέ-

58 1776 112 1837 ρων
140 1773 214 1816 eum
241 1753 369 1816 videret
399 1755 578 1817 llercherus
607 1757 736 1836 scripsit
759 1749 970 1839 o’trbpnneloo:
1011 1757 1135 1836 putavit
1158 1757 1245 1817 enim

58 1857 111 1918 hoc
133 1859 300 1938 requirere
324 1858 503 1938 oppositum
524 1848 598 1942 όψον
621 1857 794 1943 ἐλέφαντος.
825 1857 910 1939 quod
933 1859 1011 1920 scite
1034 1859 1244 1940 excogitatum

58 1979 121 2022 esse
144 1958 302 2038 concedo,
335 1971 457 2021 certum
480 1970 586 2022 autem
609 1969 642 2022 et
668 1961 884 2022 necessarium
908 1961 1040 2040 ipsaque
1064 1961 1246 2023 mutationis

58 2065 158 2143 specie
189 2061 355 2144 probabile
379 2081 441 2124 non
464 2063 562 2142 duco,
595 2063 653 2126 sed
675 2073 751 2145 puto
777 2071 917 2125 correcta
947 2082 1010 2126 una
1039 2064 1144 2125 littera
1166 2064 1246 2125 sori-

58 2165 195 2228 bendum
213 2184 282 2228 esse
299 2160 478 2250 ἁβροτέρων.
504 2167 667 2228 delicatior
681 2166 772 2228 cibus
787 2168 916 2248 saepius
931 2165 1049 2230 dicitur
1071 2159 1243 2252 ἁβρότερος,

57 2269 151 2331 veluti
181 2267 270 2350 apud
296 2270 436 2351 Longum
451 2271 497 2330 18
527 2281 575 2332 est
596 2268 721 2356 τροφαῖς
751 2263 945 2355 ἁβροτέραις,
977 2280 1111 2351 possunt
1139 2278 1246 2332 autem

59 2371 144 2434 cibus
167 2371 333 2434 delicatior
363 2383 396 2434 et
423 2363 497 2457 όψον
520 2371 683 2460 ἐλέφαντος
708 2376 794 2436 inter
816 2391 850 2435 se
873 2374 1001 2454 opponi.
1041 2392 1146 2453 neque
1170 2391 1247 2435 vero

59 2477 103 2536 sui
124 2474 292 2536 dissimilis
318 2475 377 2537 luit
398 2472 537 2538 Achilles
559 2479 586 2538 si
610 2477 811 2557 elephantem
834 2478 929 2538 nimis
951 2495 1052 2557 paene
1074 2475 1150 2537 lecit
1170 2474 1246 2537 abs-

59 2579 209 2640 tinentem
232 2586 265 2639 et
287 2577 472 2658 benignum.

140 2680 302 2742 LXXXlll.
343 2679 493 2742 Cercidae
510 2682 760 2762 Megalopolitani
784 2683 977 2743 mentionem
1000 2681 1112 2742 laetam
1136 2697 1205 2741 esse
1229 2699 1247 2740 a

62 2783 207 2864 Gregorio
224 2784 420 2844 Nazianzeno
444 2784 476 2845 in
499 2785 639 2846 carmine
661 2780 728 2867 περὶ
751 2779 858 2868 ἀρετῆς
880 2802 911 2844 v.
931 2783 1041 2844 595ss.
1073 2781 1248 2844 Meinekius

62 2885 160 2948 docuit
189 2888 222 2947 iu
246 2883 425 2946 Annalibus
454 2886 651 2968 philologieis
672 2884 1031 2966 a.nncoctx111p.387.
1080 2902 1192 2946 versus
1215 2885 1248 2946 hi

62 3000 140 3067 sunt,
166 3011 200 3070 p.
221 2989 282 3050 tlt
300 2987 442 3066 Calliam,

216 3133 223 3144 ·
309 3082 426 3154 ἅπαντα
451 3083 481 3152 δ’
507 3091 606 3175 ἕρπειν
629 3091 672 3164 εἰς
695 3085 787 3177 βυθόν
810 3086 847 3154 τὰ
868 3088 952 3173 τίμια

307 3195 363 3255 τῶν
386 3189 616 3279 γαστριμάργων
640 3196 719 3272 σῖτα,
745 3191 822 3278 μηδὲ
845 3187 903 3256 σῖτ’
930 3190 975 3256 ἔτι

308 3297 366 3358 τῶν
390 3287 605 3360 εὐτελεστάτων
629 3297 754 3382 λέβητος
776 3296 807 3368 ἐξ
828 3290 906 3373 ἑνός,

309 3393 408 3484 ὀρθῶς
431 3397 514 3484 λέγει
534 3424 591 3464 που
615 3397 764 3486 Κερκιδᾶς
787 3396 803 3465 ό
827 3397 977 3485 φίλτατος,Ι

307 3501 392 3573 τέλος
413 3496 592 3588 τρυφώντων
617 3499 705 3576 αὐτὸς
727 3501 836 3566 ἐσθίων
860 3496 947 3580 ἅλας,
987 3547 992 3552 -

311 3600 403 3690 αὐτῆς
425 3608 538 3691 τροφῆς
560 3603 610 3671 ἔθ’
636 3601 769 3692 ἁλμυρὸν
791 3599 980 3670 καταπτόων.

65 3707 146 3770 addit
169 3709 359 3785 lleinelrius,
385 3711 411 3772 si
434 3711 508 3790 quis
523 3709 695 3792 depravata
715 3711 873 3791 corrigere
889 3708 1105 3790 adgrediatur,
1133 3711 1163 3771 ei
1186 3729 1248 3770 non

66 3810 276 3893 neglegendos
298 3830 368 3874 esse
397 3813 475 3873 alios
504 3812 648 3876 eiusdem
670 3812 814 3893 Gregorii
842 3830 956 3874 versus
978 3831 1040 3873 non
1064 3813 1170 3874 minus
1191 3811 1250 3874 dc·
1347 3831 1352 3844 ·

68 3903 230 3991 pravatus*
276 3915 331 3994 qui
354 3934 466 3977 versus
495 3933 557 3996 quo
586 3917 618 3978 iu
642 3917 782 3978 carmine
811 3917 955 3996 legantur
980 3933 1050 3976 oum
1073 3914 1309 3976 Meinekiustas

69 4014 169 4080 dicere
192 4016 311 4079 oblitus
333 4027 432 4096 esset,
468 4016 583 4080 frustra
615 4038 668 4080 eos
697 4038 731 4080 se
754 4018 951 4098 quaesivisse
973 4017 1130 4097 Bergkius
1152 4017 1195 4078 ait
1218 4018 1250 4078 in

70 4119 163 4182 Poetis
186 4121 297 4202 lyricis
318 4140 351 4201 p.
370 4121 444 4182 800.
475 4121 626 4202 leguntur
647 4132 753 4184 autem
777 4122 808 4182 in
832 4117 991 4204 Σογνιρίσει
1012 4116 1083 4204 βίων
1106 4138 1138 4180 ν.
1158 4121 1197 4180 96
1206 4138 1249 4182 ss.

70 4241 98 4299 p.
115 4224 187 4302 39l,
214 4221 271 4285 uhi
295 4217 416 4306 Κόσμος
440 4233 471 4286 el
494 4219 620 4308 Πνεῦμα
643 4225 800 4286 locuntur.

263 4319 303 4387 K.
328 4324 403 4409 ἐμοῦ
424 4321 463 4388 τὰ
483 4320 624 4409 πέμψατ’.
673 4323 712 4389 Π.
738 4316 826 4410 ἄρτος
848 4319 868 4409 ἡ
892 4323 1049 4410 καροκεία.

262 4423 328 4510 ἐμοὶ
349 4424 387 4492 τὰ
408 4422 529 4513 πόματ’,
554 4428 585 4500 ἐξ
607 4423 685 4493 ἁλῶν
708 4421 789 4493 ἅπαν
811 4422 924 4513 γλυκό·

262 4527 307 4602 οἷς
328 4533 388 4594 τῶν
409 4525 588 4616 τρυφώντων
612 4527 744 4617 ἁλμυρὸν
766 4525 938 4596 καταπτόω.

994 4651 1047 4704 dl*
