3178 5136
554 363 772 424 Contrarium.
1183 347 1252 416 stt

75 551 142 614 tono
164 571 196 614 eo
218 551 296 614 dure
318 553 410 614 etiarn
433 553 557 634 iunpere
579 554 672 632 arani
695 552 841 614 tollentem
868 558 896 612 et
918 550 1023 613 uidere
1045 551 1260 630 septentriones

78 655 218 717 ridemur.
253 655 366 717 horum
389 671 463 734 pars
485 673 556 715 mea
580 653 710 734 quidem
734 663 801 716 arte
826 653 1011 716 insanabilis
1033 663 1092 714 est.
1131 651 1184 714 sed
1206 651 1260 713 hoc
1294 709 1303 726 ,

72 759 196 839 feliciter
211 757 327 820 evaluit
348 756 388 819 ad
413 758 547 820 laureati
565 765 665 838 postes
689 757 808 835 rettuli,
834 775 941 836 neque
959 754 1087 817 videtur
1104 757 1154 816 hic
1169 755 1260 834 quic-

74 879 161 940 quam
186 879 256 922 esse
271 861 422 940 corrupti.
455 877 528 920 max
550 868 626 940 puto
650 858 854 922 scribendum
878 859 1041 920 aclionaeta
1059 860 1117 919 ινα)
1128 857 1260 938 serimus

74 967 102 1024 in
125 963 261 1025 Graecis.
288 961 539 1042 reprehenderat
562 962 777 1036 Quintilianus
799 957 966 1045 ἀδιανόητα
989 979 1058 1040 cap.
1078 962 1097 1023 2
1114 958 1131 1042 §
1147 961 1185 1022 20
1201 978 1257 1038 ss.‚

74 1065 195 1129 videtur
217 1073 322 1127 autem
346 1083 455 1127 earum
474 1066 666 1127 mentionem
684 1075 831 1146 repetere
853 1067 994 1146 potuisse
1018 1064 1168 1144 quoniam
1191 1061 1259 1124 fieri

73 1179 198 1250 possunt
222 1167 353 1230 vocibus
375 1168 408 1229 in
431 1187 524 1230 usum
547 1170 685 1248 receptis
707 1167 813 1249 aliqua
842 1168 934 1231 modo
957 1167 1135 1246 declinatis,
1163 1165 1260 1227 veluti

72 1291 137 1334 oum
161 1270 329 1352 Dionysius
345 1269 472 1333 Siculus
496 1271 631 1336 iaculum
651 1270 733 1333 dixit
755 1263 944 1355 βαλλάντιον,
969 1271 1071 1333 lanam
1096 1267 1260 1352 σκέπαρνον

71 1375 190 1454 aliaque
213 1371 389 1452 inquibus
413 1375 561 1436 similiter
586 1373 721 1454 ineptiit.
763 1383 979 1454 portentosum
1009 1371 1089 1434 illud
1112 1370 1262 1434 ocoeludi-

72 1476 225 1538 tuinobono
248 1493 280 1536 eo
304 1493 417 1538 sanare
440 1495 503 1539 non
526 1495 665 1556 possum,
696 1475 755 1538 sed
778 1495 879 1557 paene
903 1493 1090 1557 persuasum
1113 1475 1191 1536 mihi
1214 1485 1262 1536 est

73 1581 165 1642 latere
190 1597 305 1640 namen
337 1581 533 1658 grammatici
563 1579 685 1640 aliusve
716 1580 896 1660 scriptoris,
930 1597 1025 1659 quem
1049 1578 1263 1650 Quintilianus

72 1683 183 1744 leniter
212 1679 359 1742 inridens
388 1683 493 1744 virum
523 1681 643 1744 bonum
670 1681 801 1744 videtur
829 1681 967 1762 dixisse,
994 1679 1260 1762 quemadmodum

73 1785 192 1847 locutus
220 1792 269 1846 est
298 1782 417 1847 Gellius
447 1785 480 1848 in
512 1786 559 1848 eis
589 1784 629 1846 de
659 1783 776 1866 quibus
805 1785 907 1866 capite
930 1803 964 1847 ιιι
988 1785 1072 1846 dixi:
1114 1785 1261 1864 suspensi

73 1897 159 1949 erant
182 1886 281 1949 dativi
312 1905 352 1948 ex
375 1887 474 1948 verba
497 1886 584 1969 quod
613 1897 662 1950 est
684 1888 834 1950 videmur.
883 1898 1040 1968 postrema
1063 1889 1106 1949 ita
1130 1888 1261 1948 restituo

73 1989 289 2052 emendatione
320 1979 550 2069 indubitabili,
586 1990 664 2052 dure
692 1993 782 2055 etiam
811 1993 934 2074 inopere
956 1991 1212 2070 arquitenentem
1235 1997 1319 2052 etate

72 2092 212 2155 dividere
235 2095 452 2174 septentriones
468 2092 619 2156 videmur.
644 2093 774 2174 Vergilii
792 2103 840 2154 est
855 2094 1049 2175 arquitenens
1072 2090 1260 2170 sennis,
1290 2163 1292 2168 Ι

73 2203 179 2276 septem
202 2193 337 2257 simeon
358 2197 452 2258 trr'oni
474 2195 731 2277 Georg.11138l.
758 2196 790 2257 in
814 2195 951 2258 dividere
974 2196 1068 2256 etiam
1084 2195 1263 2258 Obrechtus

72 2298 192 2378 incidit,
218 2299 251 2358 in
276 2298 393 2361 ceteris
417 2297 576 2361 deliravit.

153 2403 219 2462 XV.
265 2399 421 2481 Apuleius
445 2403 477 2462 in
499 2401 651 2483 Apologia
673 2421 742 2482 cap.
763 2403 800 2462 l3
825 2402 897 2483 quid
919 2403 1009 2478 enim,
1038 2404 1068 2464 si
1088 2403 1263 2485 choropium

73 2503 259 2584 thymelicum
285 2503 491 2584 possiderem
523 2523 597 2566 num
626 2523 668 2567 eoe
696 2523 729 2566 eo
758 2512 1010 2587 orpurnentorere
1040 2506 1130 2566 etiam
1151 2507 1198 2568 uti
1217 2524 1264 2568 mc

74 2623 229 2669 consuesse
252 2607 389 2690 tropoedi
409 2614 553 2687 syrmate,
584 2607 742 2670 histrionis
764 2615 893 2686 crocoto,
922 2607 1010 2689 orqia
1031 2608 1117 2668 mimi
1137 2614 1263 2669 centun-

74 2710 157 2770 culo?
196 2708 281 2789 quod
311 2709 450 2771 alienum
480 2729 549 2772 esse
579 2709 711 2790 adparet
738 2713 825 2792 orpio
851 2721 882 2772 et
909 2710 984 2770 olim
1011 2709 1154 2770 mirificis
1177 2729 1262 2770 com-

74 2815 188 2874 mentis
217 2812 378 2891 corrigere
407 2821 605 2893 temptarunt
639 2821 672 2874 et
700 2831 804 2892 nuper
834 2831 982 2874 successu
1019 2830 1080 2872 non
1118 2812 1258 2874 meliore.

74 2932 140 2974 nam
164 2913 268 2976 deleri
302 2913 383 2976 illud
408 2933 470 2976 nan
499 2923 604 2996 potest
633 2923 802 2994 antequam
831 2915 937 2994 aliquo
967 2914 1057 2977 modo
1086 2916 1263 2994 explicatur

74 3019 125 3096 qui
148 3018 267 3079 iactum
291 3016 333 3078 sit
355 3025 390 3079 ut
411 3016 660 3096 adscriberetur,
692 3018 777 3096 quod
801 3027 906 3079 autem
936 3019 968 3078 in
990 3018 1116 3080 Notitiis
1140 3017 1260 3078 Gottin-
1349 3086 1357 3102 κ

75 3119 224 3198 sensibus
246 3119 321 3180 anni
344 3137 499 3182 uaccam
522 3119 638 3182 scheda
668 3120 709 3180 39
742 3122 930 3201 proponitur
958 3121 1046 3202 orpia
1075 3119 1261 3183 mutandum

75 3240 140 3282 esse
165 3224 199 3282 in
222 3221 348 3304 choropi
369 3222 516 3301 amiculo,
550 3241 612 3284 non
635 3231 758 3285 tantum
780 3242 905 3285 omnem
935 3222 1061 3286 excedit
1084 3242 1262 3286 concessam

74 3323 248 3386 coniciendi
272 3323 465 3404 libertatem,
490 3324 549 3387 sed
572 3325 677 3406 inepte
701 3337 954 3388 oonmemoratur
977 3328 1141 3406 choragus.
1183 3327 1263 3387 scri-

75 3425 213 3490 bendum
238 3437 297 3506 est,
321 3437 358 3489 ut
379 3428 503 3507 opinor,
529 3428 702 3490 archimimi
721 3430 910 3492 centunculo.
945 3429 1123 3490 archimimi
1147 3448 1261 3490 nomen

76 3541 106 3590 ut
128 3531 258 3611 proprie
288 3529 514 3610 significaverit
543 3531 726 3610 magistrum
757 3531 972 3594 primariorum
1007 3532 1098 3612 (quae
1122 3531 1261 3612 Grssarii

75 3643 119 3692 est
140 3632 325 3714 sententia),
362 3642 483 3695 constat
512 3643 616 3695 tamen
647 3633 688 3694 ita
719 3633 818 3698 dictos
849 3654 919 3696 esse
949 3645 1003 3696 aut
1032 3635 1205 3714 primarum
1230 3635 1261 3695 in

77 3735 206 3797 mimicis
229 3734 345 3796 tabulis
367 3736 504 3815 partium
527 3746 649 3797 actores
671 3745 725 3798 aut
754 3739 882 3800 omnino
905 3739 1027 3798 mimos.
1068 3737 1158 3810 cuius
1181 3737 1263 3798 dila-

75 3847 153 3899 tatae
177 3837 426 3918 significationis,
453 3856 515 3918 qua
538 3839 742 3901 archimimus
764 3841 844 3902 nihil
867 3841 1002 3902 distata
1027 3839 1139 3915 mimo,
1172 3849 1263 3900 nota-

76 3937 136 4000 bile
167 3941 350 4020 exemplum
383 3939 514 4020 praebet
542 3959 661 4022 suppar
687 3941 815 4022 Apuleii
845 3944 938 4004 aetati
969 3942 1093 4004 Salvius
1123 3943 1262 4004 lulianus

75 4041 140 4123 big.
158 4043 298 4105 xxxrrul
320 4043 361 4106 25
384 4061 455 4104 nom
479 4044 509 4105 si
529 4045 596 4124 qun
616 4047 834 4125 pantomimum
858 4047 905 4108 nel
924 4045 1135 4108 archinimum
1155 4043 1264 4108 habeat

75 4150 101 4204 et
120 4147 185 4208 eius
209 4146 368 4208 mediocris
387 4147 569 4228 patrimonii
589 4149 629 4210 sit
650 4154 685 4209 ut
705 4167 766 4208 non
788 4148 878 4210 aliter
900 4151 1000 4229 operis
1016 4151 1080 4212 eius
1102 4153 1150 4214 uti
1166 4155 1264 4233 possit

75 4263 162 4325 quam
185 4249 331 4311 locaverit
352 4267 420 4326 eos,
453 4251 577 4332 occipere
600 4251 696 4333 mapis
718 4269 827 4330 operas
855 4268 946 4332 quom
969 4254 1133 4316 mercedem
1155 4273 1263 4335 capere

76 4352 296 4414 aestimandus
327 4360 387 4432 cst,
423 4351 478 4414 ubi
508 4352 641 4414 Basilica
669 4347 819 4438 ὀρχηστὴς
842 4345 861 4436 ἢ
886 4353 974 4437 μῖμος
1004 4356 1138 4436 habent,
1175 4357 1262 4419 nullo

75 4452 202 4530 quidem
230 4455 408 4516 sententiae
440 4454 635 4518 discrimine.
682 4455 827 4518 vocabuli
859 4460 1013 4540 exemplis
1044 4479 1125 4540 quae
1163 4461 1261 4522 lexiaa

125 4569 249 4621 Hauptii
262 4570 372 4622 opuscula
386 4571 424 4613 tlt.
1020 4583 1052 4631 35
