3178 5136
617 399 722 459 Vnam.
1193 387 1266 458 515

78 580 133 648 ἀπὸ
155 585 266 670 πέτρης
280 577 321 647 Ἢ
345 580 413 656 τούς
429 579 582 649 ἀλκυόνων
598 587 708 658 παῖδας
730 581 767 650 ἔτ’
795 573 994 670 decepti-poue:
1022 587 1166 648 existimo
1182 589 1267 648 enim

79 691 116 750 ita
139 691 306 770 scripsisse
330 687 473 770 Hedylen
499 701 648 770 recteque
671 691 820 752 Marciani
844 689 918 750 libri
942 687 1106 773 ἐρυθραίης
1130 691 1162 750 iu
1186 693 1268 752 Lau-

81 793 219 854 rentiano
242 802 419 853 correctum
450 811 539 870 esse,
575 794 636 855 nisi
670 792 755 874 quod
784 791 915 877 ἐρυθρᾶς
949 791 994 852 ibi
1028 793 1263 872 scriptumest,

79 911 179 976 neque
204 894 332 957 videtur
354 896 432 956 mibi
461 896 533 958 aliis
563 897 628 957 illic
651 895 877 958 mutationibus
900 914 978 976 opus
1002 914 1082 956 esse.
1124 894 1267 958 Tibullus

80 1013 99 1054 ιι
122 1000 134 1054 ².
160 1000 201 1060 29
230 999 278 1060 liic
300 998 354 1060 dot
376 1000 529 1061 avaritiae
557 1017 668 1061 causas
691 1007 719 1060 et
743 999 804 1060 Coo
830 999 942 1079 puellis
970 999 1062 1060 Vestis
1085 1007 1113 1060 et
1135 1017 1150 1059 e
1172 997 1266 1060 rubro

80 1097 177 1162 lucida
200 1101 313 1164 conella
335 1103 426 1162 marl.
467 1100 645 1181 Lygdamus
664 1120 698 1162 ιιι
717 1099 755 1162 tr
779 1102 887 1182 quidve
910 1104 942 1162 in
965 1100 1132 1181 Erythraeo
1156 1102 1267 1183 lepitur

78 1218 152 1280 qnae
171 1204 261 1266 litore
283 1203 396 1266 concita
423 1205 584 1285 Tinctaque
608 1204 731 1265 Sidonio
764 1206 877 1266 murice
907 1205 982 1266 lana
1012 1205 1098 1277 iuvat
1131 1207 1168 1266 Et
1190 1223 1267 1286 pace

77 1311 234 1382 praeterea
251 1307 383 1388 populns
406 1308 563 1369 miratur?
585 1307 732 1368 Martialis
748 1326 764 1367 ι
781 1309 857 1368 att
882 1309 932 1369 cal
954 1325 1006 1368 nec
1028 1307 1150 1387 lapillos
1169 1326 1267 1388 proc-

74 1405 159 1484 seras
175 1409 368 1489 Erythraeos.
404 1409 537 1472 Babrius
554 1409 617 1471 lab.
639 1411 698 1470 lib
716 1409 734 1470 7
758 1405 795 1472 rol
818 1411 871 1492 τῆς
889 1404 1041 1494 Ἐρυθρῆς
1062 1403 1159 1472 πάντα
1183 1402 1267 1493 δῶρά

77 1531 121 1572 σοι
144 1504 243 1574 δώσω.
280 1513 395 1593 quodsi
418 1515 469 1574 cui
492 1512 572 1576 forte
588 1516 724 1594 Erpciaa
747 1513 905 1575 eruditius
921 1533 991 1575 esse
1008 1512 1155 1575 videatur
1169 1531 1264 1593 quam

78 1611 159 1690 quod
183 1631 201 1674 a
226 1614 352 1677 librario
375 1618 479 1696 aliquo
502 1615 578 1696 fingi
603 1618 759 1697 potuerit,
792 1635 872 1696 nego
901 1617 952 1676 bic
974 1617 1070 1678 ullam
1093 1614 1263 1678 absurdam

77 1715 285 1778 eruditionem
308 1720 410 1780 locum
443 1718 572 1780 babere.
621 1721 714 1779 immo
745 1738 815 1780 cum
849 1720 951 1780 rarius
975 1718 1161 1782 vocabulum
1184 1720 1265 1780 scri-

77 1816 217 1880 bendum
240 1833 322 1882 esset
346 1821 457 1882 incidit
479 1820 631 1883 librarius
655 1823 687 1882 in
714 1822 816 1882 simile
839 1823 954 1902 partim
979 1822 1093 1883 litteris
1116 1823 1261 1902 Erycina.

76 1939 178 2000 neque
205 1921 238 1982 id
261 1941 375 1986 nomen
399 1922 502 1986 medio
531 1943 608 1985 aevo
639 1925 779 2004 ignotum
803 1935 880 2003 erat,
914 1923 970 1986 scd
998 1925 1114 1986 lactum
1138 1925 1170 1984 in
1194 1943 1265 1985 car-

76 2023 215 2086 minibus
232 2027 349 2087 Horatii
365 2025 471 2088 Ovidii
487 2027 638 2088 Senecae.
675 2027 817 2106 denique
840 2015 887 2088 ne'
912 2029 984 2108 quis
1009 2037 1098 2107 putet
1114 2028 1263 2088 concham
1274 2046 1306 2094 ts

75 2128 280 2208 Erythraeam
304 2147 366 2190 non
389 2131 529 2210 potuisse
554 2129 617 2192 dici
641 2140 673 2191 et
689 2131 721 2191 in
738 2128 847 2191 eodem
865 2149 960 2191 versu
976 2129 1070 2191 rubro
1086 2131 1151 2192 salo
1172 2130 1264 2210 (quae

74 2248 164 2292 causa
195 2231 294 2294 luisse
323 2231 450 2293 videtur
479 2251 537 2293 eur
566 2232 768 2294 Marklandus
799 2243 930 2312 negaret
959 2231 1165 2294 scribendum
1195 2251 1265 2294 esse

74 2331 270 2415 Erythraeo),
297 2335 478 2414 Propertius
501 2335 534 2395 in
555 2335 729 2415 Erythraea
752 2336 869 2396 concha
893 2355 955 2396 non
979 2335 1019 2396 de
1043 2336 1140 2396 maris
1163 2336 1264 2397 colore

73 2436 236 2516 cogitavit,
270 2435 327 2498 sed
356 2437 470 2498 lamam
499 2447 627 2499 secutus
656 2447 704 2500 est
734 2437 825 2499 valde
847 2439 1068 2517 pervulgatam
1091 2457 1154 2518 qua
1177 2457 1263 2498 mare

73 2538 281 2618 Erythraeum
304 2538 345 2599 ab
373 2541 503 2619 antiquo
534 2559 608 2620 rege
632 2541 767 2622 Erythra
792 2540 841 2602 vel
871 2540 1044 2621 Erythraeo
1073 2558 1188 2600 nomen
1211 2560 1265 2600 ac-

73 2642 193 2720 cepisse
218 2639 392 2703 ferebatur.

155 2746 392 2806 Pentametrum
425 2745 511 2806 illum
542 2747 704 2807 cinnamon
734 2753 761 2807 et
789 2746 877 2806 nralti
900 2753 1010 2825 postor
1038 2745 1140 2806 odo-ris
1163 2743 1263 2806 Arabs

73 2844 180 2908 dubito
204 2856 312 2907 utrum
329 2849 527 2929 Propertium
551 2848 592 2908 ita
616 2849 780 2928 scripsisse
803 2866 843 2908 au
861 2847 1095 2909 emendandum
1120 2865 1189 2908 esse
1212 2847 1263 2909 di-

73 2969 148 3009 cam.
182 2948 265 3012 dura
289 2960 336 3012 est
359 2961 390 3012 et
412 2950 560 3030 ambigua
583 2953 692 3028 oratio,
726 2949 783 3012 sed
807 2951 938 3011 eximius
961 2953 1146 3030 ceteroquin
1170 2962 1262 3030 poeta

75 3053 254 3132 Propertius
284 3073 345 3114 uon
375 3073 517 3116 summus
546 3064 614 3115 erat
646 3055 797 3114 orationis
827 3053 989 3132 eleganter
1018 3052 1261 3116 conformandae

73 3154 196 3217 artifex.
232 3165 336 3216 tamen
361 3157 523 3236 egregium
546 3167 648 3218 estet
671 3158 739 3218 veri
763 3157 840 3217 mibi
856 3155 985 3218 videtur
1006 3155 1175 3219 admodum
1192 3176 1261 3218 esse

72 3259 171 3320 simile
188 3257 303 3338 Guyeti
326 3261 489 3320 cinnamon
504 3267 531 3319 ct
546 3259 634 3320 molti
647 3268 747 3321 caston
763 3260 866 3320 odoris
881 3255 991 3320 Arabs.
1026 3277 1096 3320 nam
1115 3260 1146 3320 in
1164 3260 1261 3321 multo

72 3360 163 3422 odore
186 3361 421 3422 Lachmannum
446 3371 521 3441 puto
544 3363 729 3423 iuveniliter
750 3373 898 3441 argutum
921 3360 1030 3422 fuisse.

155 3462 221 3525 Sed
245 3474 364 3526 certum
388 3475 520 3525 estnon
545 3483 653 3526 carere
679 3464 806 3526 mendis
829 3465 975 3527 ultimum
999 3463 1082 3544 quod
1105 3463 1260 3545 adscripsi

75 3567 242 3644 distichon,

260 3669 333 3731 boec
356 3670 448 3729 etiam
470 3671 595 3731 clausas
618 3678 798 3751 eoepnptont
821 3690 913 3732 (trata
932 3671 1065 3752 pudicas

306 3789 440 3853 qumque
463 3780 564 3833 terunt
582 3771 698 3852 fasta-s,
724 3773 861 3851 Icarioti,
887 3781 963 3834 tuos.

73 3874 267 3956 ,repudianda
291 3884 339 3936 est
360 3885 466 3936 autem
490 3874 543 3935 illa
566 3875 742 3937 coniciendi
766 3877 926 3937 temeritas
945 3894 1026 3955 quae
1050 3885 1155 3936 nostro
1179 3885 1260 3937 tem-

76 3998 146 4056 pore
172 3981 203 4041 in
228 3979 284 4040 hos
307 3995 421 4039 versus
444 3979 566 4038 saeviit.
606 3997 642 4038 ac
666 3980 803 4059 primum
828 3977 956 4058 quidem
984 3979 1108 4039 lcorroti
1128 3979 1260 4040 verissi-

75 4101 154 4142 mum
178 4092 238 4143 est.
282 4099 354 4142 nam
378 4079 464 4160 quod
486 4079 623 4142 obicitur
645 4100 708 4142 non
731 4101 823 4161 posse
847 4081 899 4141 bic
922 4080 1109 4160 Penelopam
1132 4099 1260 4142 conme-

75 4195 221 4245 moratam
244 4203 313 4244 esse
337 4185 487 4262 quoniam
510 4191 581 4263 post
603 4182 771 4245 duodecim
793 4203 905 4244 versus
929 4182 1007 4244 baec
1029 4181 1187 4261 dicantur,
1213 4182 1261 4244 llic

72 4304 161 4366 penas
185 4287 310 4366 infidam
331 4293 516 4366 naptarum,
552 4285 600 4346 iric
629 4287 718 4347 nulla
744 4287 851 4367 puello
879 4288 938 4348 Nec
969 4285 1034 4366 fida
1057 4286 1183 4346 Euadne
1204 4305 1260 4346 aec

72 4388 122 4466 pio
139 4389 291 4468 Penelope,
318 4389 375 4450 hoc
397 4389 423 4450 si
448 4399 501 4450 aut
521 4387 734 4469 disputatione
757 4399 811 4450 aut
828 4389 982 4468 exemplis
1007 4388 1183 4449 refellerem
1208 4389 1259 4448 in-

74 4501 161 4570 eptus
184 4509 297 4553 essem.
345 4510 452 4571 neque
477 4491 575 4571 magis
605 4501 688 4553 recte
713 4490 810 4552 iorma
834 4492 971 4552 nominis
993 4501 1153 4570 tamquam
1177 4509 1259 4570 quae
