3252 5130
329 387 403 461 630
722 399 766 484 Ex
789 415 885 460 nenne
908 399 1115 458 Bououinunsr.

329 593 463 673 inpetum,
484 588 725 671 fortunatissimi
746 589 955 668 imperatores,
970 582 1144 665 felicitatem
1162 586 1282 646 uincitis
1297 583 1366 647 soli.
1403 592 1432 646 el
1446 589 1523 668 qrrid

328 712 472 775 nmquam
494 691 623 754 Romani
647 689 802 770 principes
824 689 861 750 de
879 687 1025 770 felicitate
1046 707 1106 750 suo
1124 687 1308 768 praedicari
1328 687 1438 751 tonnus
1460 711 1524 750 ou-

328 797 452 856 ‹lierunt
472 813 563 875 quam
586 812 654 854 cum
676 790 830 853 diceretur
851 791 949 852 tosus
971 792 1139 872 quiescere,
1171 793 1280 852 otiosos
1301 807 1383 868 esse,
1410 812 1522 873 pacem

328 899 446 960 cole-re‘l
467 905 500 959 ut
521 897 599 957 enim
622 902 735 976 quanto
756 893 810 956 loc
831 901 877 957 eet
898 892 1071 956 loetahilius
1093 893 1261 956 camelius
1283 893 1364 975 quod
1384 894 1422 956 ele
1440 915 1523 976 pro-

328 1003 473 1082 speritate
485 999 613 1061 soeculi
632 999 730 1060 vestri
749 997 888 1060 certatim
902 997 1035 1058 omnium
1049 995 1202 1058 lominum
1218 1013 1271 1056 ore
1285 997 1522 1078 circumfertur,

331 1103 478 1165 ‘barbari
498 1101 540 1163 ad
562 1119 653 1162 orma
674 1107 873 1175 consternunt,
897 1099 951 1160 sed
965 1099 1096 1162 inuicem
1104 1099 1288 1160 dimicaturi
1295 1118 1305 1174 ;
1329 1101 1428 1161 uicere
1443 1100 1527 1162 lrar-

328 1206 416 1283 bari,
448 1205 501 1266 sed
529 1204 767 1284 consanpninoos
794 1198 889 1263 snosr'
933 1221 996 1263 non
1019 1202 1166 1282 intellego
1188 1219 1256 1282 que·
1273 1203 1431 1264 sententia
1454 1203 1524 1265 dici

328 1308 466 1390 poluerit
489 1306 663 1389 felicitatem
685 1306 807 1366 vincitis
829 1305 896 1366 soli.
943 1313 1091 1384 poterent
1113 1303 1175 1366 dici
1198 1307 1406 1385 imperatores
1430 1309 1527 1387 prio-

328 1430 399 1474 rum
427 1411 650 1490 imperatorum
674 1417 729 1480 eut
750 1407 948 1478 saeculorum
962 1407 1151 1472 felicitatem
1174 1409 1323 1468 vincere:
1339 1436 1342 1444 ·
1356 1407 1412 1470 sed
1436 1411 1525 1470 nihil

329 1515 368 1577 de
392 1511 613 1594 superioribus
633 1509 832 1591 temporibus
852 1508 996 1574 additum
1020 1519 1068 1572 est
1089 1519 1120 1570 ct
1141 1529 1190 1574 ne·
1206 1511 1265 1571 iste
1288 1509 1417 1589 quidem
1441 1531 1528 1574 seu-

332 1618 432 1678 tentiu
459 1633 496 1676 en
528 1632 611 1694 quae
639 1623 733 1676 auton
763 1611 916 1686 licuntur
946 1621 1030 1678 reolo
1060 1623 1302 1678 consumaret.
1350 1623 1528 1693 praeterea

330 1730 435 1781 eutem
465 1718 524 1780 soli
552 1736 614 1777 non
643 1717 720 1776 satis
741 1724 856 1795 ,aptum
886 1725 952 1780 ern
990 1716 1130 1795 scripsit·
1145 1713 1276 1778 sortasse
1297 1717 1524 1796 MamertinuS,

248 1855 262 1878 .
328 1831 439 1901 arguta
462 1820 643 1896 sententie„
657 1819 768 1902 quales
791 1818 823 1888 hi
839 1827 1131 1898 aratorescaptant¹
1157 1819 1230 1892 iam
1256 1819 1389 1898 inquam,
1411 1817 1528 1898 fortu-

328 1924 484 1998 natissimi
504 1924 712 2004 insperatum,
733 1919 882 1990 latinitate
899 1921 1020 1986 uincitis
1040 1921 1123 1984 sole:
1138 1969 1141 1976 .
1156 1919 1272 2000 ecquid
1286 1939 1430 2003 mnquam
1444 1913 1527 1983 elc.¹

270 2043 319 2089 ete
417 2027 557 2088 clxlx„
572 2026 606 2086 ln
630 2023 821 2104 Panegyrico
845 2022 1027 2086 Constantio
1050 2021 1174 2088 Caesari
1198 2022 1292 2101 dicto,
1318 2041 1410 2103 quem
1432 2026 1528 2085 Livi-

321 2118 421 2192 'neius
439 2129 557 2207 aliique
573 2126 727 2202 Eumenia
741 2125 936 2204 tribuerunt,
963 2126 1040 2186 haec
1055 2126 1204 2206 leguntur
1219 2127 1321 2206 capite
1338 2127 1387 2203 ⁴6,
1412 2147 1526 2191 amnes

329 2233 408 2294 enim
431 2231 517 2305 illos,
549 2237 585 2293 ut
605 2229 714 2304 modio,
739 2247 860 2308 campos
881 2235 972 2310 atam
994 2228 1090 2292 colles.
1105 2247 1168 2290 non
1187 2229 1251 2295 nisi
1269 2231 1524 2292 taeterrimorum

328 2334 469 2396 hostium.
483 2351 615 2412 corpora
639 2332 716 2413 fusa
738 2339 897 2394 temerante
942 2331 997 2393 illa
1018 2330 1155 2398 barbaro
1177 2339 1232 2394 aut
1254 2331 1417 2392 imitatione
1440 2332 1525 2393 lar-

232 2423 236 2434 '
328 2437 438 2498 bariae
458 2435 634 2501 olrmoulta
656 2435 750 2498 uestis
769 2441 799 2504 at
817 2433 943 2514 prolisoo
966 2436 1051 2499 crine
1066 2433 1246 2512 rutilantia,
1270 2441 1342 2495 tuac
1357 2453 1428 2496 cero
1441 2438 1523 2517 pnl-

330 2558 399 2601 oere
428 2547 456 2600 et
476 2555 587 2600 eruore
612 2535 737 2618 foedata
759 2544 786 2598 et
809 2538 840 2596 in
862 2536 1000 2598 diuersos
1022 2537 1101 2601 sitris.
1121 2543 1240 2612 mama,
1256 2597 1257 2604 ,
1272 2538 1365 2598 simui
1383 2537 1524 2601 dolorem

329 2643 491 2704 vulnerum
516 2641 648 2722 fuerunt
675 2645 797 2716 recula,
827 2641 998 2700 acuerunt.
1046 2639 1188 2718 quaein
1219 2638 1268 2701 his
1281 2653 1283 2658 ·
1297 2657 1361 2700 non
1383 2653 1524 2721 possunt

329 2744 471 2824 intellegi
494 2744 588 2824 plane
611 2751 644 2804 et
666 2742 835 2822 perspicua
858 2741 939 2804 fiunt
960 2741 987 2802 si
1011 2740 1052 2810 tur
1075 2739 1273 2820 scribuntur,
1299 2741 1356 2802 illc
1377 2741 1524 2806 barbaro

329 2856 383 2910 aut
412 2847 576 2910 imitatione
607 2843 773 2920 barbariae
802 2844 873 2906 olim
904 2842 987 2905 culta
1016 2854 1105 2906 veste
1127 2852 1155 2905 et
1174 2845 1299 2924 proliaco
1329 2845 1414 2906 crine
1436 2851 1522 2910 rua-

329 2951 437 3012 lantia.
485 2947 604 3010 Plinius
619 2949 688 3036 Nat.
708 2948 781 3008 hist.
800 2965 847 3007 xm
864 2945 881 3027 §
897 2945 954 3006 25⁴
982 2945 1282 3009 cacuminatione
1303 2953 1383 3008 veste
1404 2949 1519 3012 culus.

329 3052 500 3114 Suetonius
523 3053 555 3112 in
577 3051 701 3112 Nerone
724 3068 797 3130 cap„
813 3050 853 3110 32
876 3056 1046 3110 matronam
1069 3049 1101 3110 in.
1120 3049 1303 3130 spectaculis
1325 3053 1416 3112 vetita
1435 3071 1521 3132 pur-

325 3173 410 3237 pura
433 3154 556 3216 cultam.

416 3255 566 3318 Eiusdem
582 3255 766 3335 Panegyrici
790 3254 842 3318 hio
865 3263 912 3316 est
932 3255 1016 3331 fiale,
1042 3254 1123 3330 draci,
1145 3255 1260 3316 Caesar
1283 3256 1401 3335 inmoto,
1420 3277 1519 3338 paupe

325 3361 424 3442 plura
451 3377 542 3440 quam
566 3360 671 3440 potui,
703 3357 756 3419 secl
775 3359 927 3438 pauciora
946 3375 1040 3437 qoam
1061 3356 1167 3433 debui,
1198 3365 1234 3419 ut
1253 3359 1422 3420 iustissima
1444 3361 1520 3420 miri

328 3481 424 3526 caasa
446 3465 496 3536 sit,
518 3463 650 3543 propitio
673 3461 796 3520 acumine
817 3467 879 3534 tuo,
905 3467 933 3521 et
953 3477 1035 3520 nunc
1057 3459 1216 3522 desinendi
1235 3469 1265 3522 ot
1278 3479 1370 3542 saepe
1383 3461 1513 3524 dicendi.

329 3569 477 3628 locuntur
492 3564 601 3626 Gallici
622 3562 831 3624 alienatores
854 3581 916 3624 non
938 3579 1112 3642 numquam
1128 3563 1326 3642 perplexius,
1351 3565 1409 3626 sed
1422 3585 1517 3646 prope

324 3670 421 3750 plura
448 3685 540 3748 piram
566 3667 652 3746 potui
677 3665 771 3725 nimis
792 3663 967 3726 absurdum
990 3675 1048 3726 est.
1096 3666 1243 3745 quocirca
1266 3667 1412 3728 existimo
1430 3671 1518 3748 potui

329 3774 361 3833 in
385 3769 475 3834 debui
496 3780 529 3830 et
549 3788 621 3830 mox
643 3767 734 3829 debui
756 3769 787 3830 in
808 3768 897 3847 potui
917 3766 1104 3828 mutandum
1129 3785 1210 3829 esse.
1258 3769 1393 3848 legimus
1408 3773 1513 3852 capt

328 3874 466 3936 labenda
490 3879 535 3934 cst
556 3873 635 3933 ratio
657 3871 799 3952 temporis
824 3871 957 3931 Caesrcre
979 3877 1078 3932 stante
1100 3869 1172 3931 olum
1195 3872 1358 3952 loquimur.

414 3977 529 4038 CLXX.
556 3975 590 4035 ln
614 3975 804 4055 Panegyrico
822 3973 1024 4034 Constantino
1046 3972 1140 4052 dioto,
1166 3992 1261 4054 quem
1281 3975 1434 4037 Eumenio
1454 3977 1513 4036 tri-

329 4079 481 4157 buerunt,
508 4080 586 4140 haec
607 4079 760 4138 dicuntur
782 4078 883 4156 eapite
899 4077 930 4152 ἲ,
956 4095 976 4136 a
996 4077 1096 4156 primo
1119 4078 1212 4159 ipitur
1232 4079 1376 4160 incipiam
1390 4080 1512 4161 oripinis

329 4191 401 4245 tuoe
429 4183 569 4260 numine,
602 4179 681 4262 qnod
706 4180 847 4260 plerique
875 4178 974 4240 adhuc
999 4178 1133 4261 fortasse
1155 4182 1311 4258 nesciunt,
1342 4181 1397 4244 sed
1416 4183 1466 4262 pri
1484 4189 1513 4242 le

330 4292 434 4347 oncant
459 4284 627 4364 plurimum
654 4283 759 4345 scient.
806 4281 843 4344 ab
874 4281 924 4343 illo
953 4283 1031 4342 enim
1061 4281 1130 4344 divo
1154 4283 1281 4345 Claudio
1309 4293 1415 4346 manat
1433 4286 1461 4344 in
1483 4291 1513 4343 le

329 4392 415 4453 avita
437 4388 572 4472 capnotio
594 4386 648 4467 qui
668 4386 798 4447 Romani
819 4385 940 4464 imperii
961 4385 1091 4446 solutam
1114 4392 1141 4446 et
1152 4385 1309 4465 perditam
1325 4387 1510 4468 disciplinam

325 4498 448 4578 primus
474 4491 651 4572 reformauit
673 4491 874 4568 immanesque
899 4485 1073 4548 Gottltorum
1096 4488 1197 4568 copias
1223 4491 1310 4551 Ponti
1326 4489 1461 4572 faucibus
1482 4499 1512 4549 et
1574 4491 1577 4495 ’
