3182 5132
576 386 744 450 Aaronom.
1186 373 1260 446 395

79 578 129 640 sed
150 580 348 640 coniecturae
369 575 598 659 superadditur
620 578 810 639 coniectura.
857 575 943 656 quod
966 584 1090 638 veteres
1111 574 1185 638 libri
1202 579 1259 638 ha-

79 683 147 745 bent
175 683 253 763 legit
283 683 379 744 etiam
400 681 568 762 hgathias,
601 683 692 744 cuius
720 681 913 762 epigramma
942 677 1047 760 (Anth.
1066 679 1130 740 Pal.
1148 699 1165 741 r
1181 679 1254 763 296)

79 789 191 866 primns
206 786 339 846 contulit
355 786 504 866 Toupius,
524 777 624 856 Ἐξάτε
638 781 801 869 τηλεφίλου
815 775 1050 866 cloto-pipam<
1064 775 1163 868 ἠχέτα
1178 778 1258 868 βόρ-

80 889 123 972 doe
137 885 273 973 Γαατάρα
296 882 434 974 possideo
451 882 562 972 μάξατο
577 885 743 974 κιεσοβίοο,
761 875 878 970 “E-pom
894 879 935 957 ὡς
951 884 1064 971 φιλέεις
1081 909 1128 970 με.
1170 897 1257 950 recte

78 1003 173 1054 autam
195 991 236 1054 ad
252 1001 345 1054 vetus
367 991 447 1054 illud
467 985 652 1075 ποτεράξατο
674 983 708 1054 τὸ
727 984 911 1075 alorci-(ppo
927 989 1051 1052 Ahreus
1067 988 1173 1070 rediit,
1199 991 1257 1052 etsi

79 1097 107 1156 in
122 1096 274 1178 Philologo
289 1113 330 1157 ru
353 1097 461 1176 phili
491 1115 596 1176 neque
619 1096 792 1177 aptissimis
815 1094 970 1174 exemplis
993 1093 1130 1156 firmavit
1152 1111 1257 1174 neque

78 1199 146 1260 dum
168 1201 397 1280 interpretatur
417 1193 632 1284 προσήνεγκεν,
657 1191 824 1276 ἀπέδωκεν,
850 1191 1039 1275 ἀπετέλεσεν,
1063 1215 1159 1259 unam
1182 1217 1258 1278 pro-
1297 1187 1301 1198 ’

78 1302 141 1364 tulit
170 1303 431 1384 explicationem,
463 1303 523 1365 sed
551 1303 649 1381 duas,
682 1321 818 1382 quarum
840 1302 938 1364 altera
962 1300 1038 1362 lalsa
1061 1311 1127 1380 est,
1158 1301 1256 1363 altera

79 1425 134 1468 mn
154 1406 315 1469 adcurata.
362 1407 420 1469 sed
443 1407 611 1486 illecebra,
645 1425 727 1488 quae
750 1409 874 1488 inpacta
898 1425 1010 1467 sonum
1033 1404 1116 1484 edit,
1145 1407 1258 1466 rectis-

77 1514 148 1573 sime
175 1511 237 1572 dici
267 1521 370 1592 potest
400 1513 566 1592 inpingere
597 1513 765 1592 crepitum.
813 1512 957 1591 proximo
987 1526 1084 1570 versu
1107 1508 1256 1570 miracula

78 1615 143 1675 lecit
156 1611 281 1678 hhrens
304 1633 376 1677 cum
400 1624 527 1696 recepto
542 1615 661 1676 luntini
685 1612 878 1695 exemplaris
893 1615 960 1674 sive
977 1631 1084 1674 errore
1099 1613 1167 1674 sive
1183 1613 1257 1693 pes-

77 1721 147 1778 simo
167 1727 343 1780 commento
364 1721 492 1799 scripsit
514 1711 581 1780 ἀλλ’
603 1709 700 1789 οὕτως
716 1711 822 1800 ‘opotiri
838 1712 906 1779 ποτὶ
923 1709 1037 1801 πάχεος
1052 1707 1254 1800 ἑξεραράνθη,

77 1821 165 1902 idque
192 1825 226 1886 in
248 1821 445 1903 praelatione
468 1825 626 1884 minorum
650 1841 733 1903 quae
755 1819 857 1884 edidit
879 1821 1111 1902 exemplarium
1133 1822 1175 1882 ita
1199 1839 1257 1882 ex-

77 1925 194 2004 plicuit,
226 1927 342 2011 ίπῆχυς
365 1919 494 2008 ὁμαλός,
521 1924 773 2007 malaspinam
795 1924 932 2004 ideoque
954 1925 1132 2005 platagonio
1155 1926 1256 2005 impo—

76 2031 128 2088 sito
138 2039 180 2106 ,et
194 2047 345 2110 percusso
364 2048 477 2092 sonum
493 2048 557 2090 non
574 2028 735 2091 reddens)
766 2027 908 2091 viderint
921 2027 1044 2110 physici
1060 2047 1137 2090 num
1153 2027 1256 2090 liden-

76 2129 145 2192 dum
166 2135 207 2194 sit
229 2151 328 2195 novae
346 2135 398 2194 isti
413 2132 588 2211 doctrinac,
614 2151 695 2219 quae
712 2133 789 2195 mihi
806 2130 937 2213 quidem
953 2131 1070 2194 absona
1085 2129 1256 2195 admodum

76 2253 140 2296 esse
161 2234 299 2298 videtur.
346 2236 404 2299 sed
427 2248 503 2318 csto,
528 2256 590 2299 non
615 2235 729 2298 reddat
744 2254 857 2298 sonum
873 2234 1000 2298 cubitus
1015 2237 1041 2298 si
1058 2235 1172 2317 planus
1188 2245 1252 2298 est:

75 2339 166 2400 nihilo
194 2343 301 2402 minus
329 2341 384 2403 illa
412 2339 550 2403 absurda
582 2349 667 2404 sunt.
714 2343 759 2402 sio
789 2343 875 2402 enim
898 2342 1061 2422 caprarius
1084 2340 1170 2420 quod
1192 2357 1255 2401 non

76 2446 173 2504 sonuit
201 2442 350 2506 illecebra
380 2445 515 2507 naturali
546 2463 640 2506 causa
669 2445 736 2526 ipse
766 2443 926 2524 explicare
949 2446 1122 2524 inepteque
1145 2443 1255 2505 infelix

76 2549 191 2626 siguum
214 2557 438 2628 conqueretur.
486 2548 603 2611 deinde
625 2543 692 2610 orori
713 2539 827 2632 πάχεος
851 2545 927 2608 ferri
951 2549 1074 2626 nequit,
1099 2546 1171 2606 licet
1187 2564 1256 2606 me·

77 2649 163 2712 liores
191 2671 266 2714 sane
295 2650 369 2713 libri
400 2651 537 2714 habeant
559 2645 668 2715 ἀπαλῶ
689 2645 755 2714 ποτὶ
775 2646 908 2735 πάχεος,
942 2660 1050 2710 contra
1073 2647 1157 2728 quod
1181 2647 1254 2709 olim

76 2753 265 2817 scribebatur
293 2749 402 2842 ἁπαλῷ
429 2751 495 2820 ποτὶ
523 2749 618 2841 πάχεϊ
646 2757 830 2816 auctoritate
859 2771 969 2815 carere
992 2751 1149 2814 videatur.
1196 2750 1254 2812 sed

75 2855 135 2919 rori
159 2878 228 2920 cum
251 2862 399 2940 genetivo
421 2862 625 2922 coniunctum
647 2877 665 2920 a
688 2860 845 2919 sententia
867 2855 1035 2936 abhorret,
1067 2873 1149 2935 quac
1172 2853 1256 2934 ‹lati-

79 2979 145 3022 vum
167 2963 318 3042 postulat,
344 2961 538 3043 videturque
561 2962 688 3024 dativus
711 2963 742 3021 in
767 2961 950 3040 genetivum
973 2971 1092 3021 temere
1116 2967 1254 3020 mutatus

78 3082 141 3125 esso
169 3077 202 3128 ut
229 3067 396 3128 tolleretur
425 3067 541 3128 hiatus.
594 3067 741 3126 vitiosum
773 3065 857 3126 hunc
886 3063 1005 3125 hiatum
1036 3081 1106 3125 esse
1138 3061 1254 3124 iudicat

78 3167 242 3230 lleinelius
265 3190 297 3250 p.
315 3170 394 3230 358:
427 3168 484 3232 sed
513 3179 583 3250 post
606 3171 667 3229 iota
690 3167 788 3229 dativi
813 3168 918 3228 hiatus
940 3167 1058 3228 nullam
1083 3164 1178 3228 habet
1202 3183 1254 3226 re-

77 3272 310 3348 prehensionem
340 3273 502 3354 multaque
525 3275 595 3334 eius
617 3271 762 3350 exempla
786 3271 988 3332 llermannus
1010 3270 1114 3332 attulit
1137 3272 1169 3330 in
1193 3269 1254 3330 Or-

78 3373 167 3450 phiois
189 3379 272 3452 suis;
301 3384 464 3457 praeterea
488 3375 593 3437 hiatus
616 3375 668 3435 ille
691 3377 723 3435 in
740 3374 897 3436 Theocriti
913 3391 1009 3435 versu
1025 3373 1058 3434 lit
1074 3375 1106 3434 in
1123 3391 1252 3435 caesura

77 3473 217 3541 bucolico.
264 3479 346 3540 illud
368 3488 474 3541 autem
491 3479 665 3540 lleiuelius
689 3469 865 3539 rectissime
881 3477 1048 3556 intellexit,
1074 3478 1252 3557 caprarium

76 3581 204 3645 cubitum
228 3599 321 3645 suum
336 3581 476 3644 absurde
492 3582 599 3644 dicere
615 3575 742 3643 ἁπαλόν.
784 3583 890 3660 itaque
912 3601 944 3661 p.
965 3581 1026 3642 ΗΞ
1048 3579 1252 3642 scribendum

78 3695 154 3760 putat
175 3705 245 3748 esse
269 3679 338 3750 ἀλλ’
366 3675 463 3756 αὔτως
479 3679 596 3768 ἀμαλὸν
611 3678 677 3746 ποτὶ
690 3677 805 3769 πάχεος
820 3675 1022 3767 ἐξεμαράνθη.
1070 3693 1178 3763 postea
1195 3682 1253 3746 luit

77 3791 123 3864 qui
145 3783 253 3853 ἀταλόν
277 3789 464 3870 praelerret,
491 3787 575 3868 quod
599 3791 704 3850 minus
727 3789 821 3849 etiam
845 3785 955 3868 probo.
1002 3788 1029 3846 si
1052 3789 1138 3847 enim
1154 3804 1254 3867 quae-

78 3891 165 3953 rimus
192 3892 278 3972 quod
307 3894 351 3952 rei
377 3894 512 3952 maxime
535 3893 719 3970 conveniat,
753 3889 887 3971 adparet
909 3879 1007 3960 οὕτως
1030 3907 1100 3951 εεεε
1123 3893 1166 3951 sic
1188 3892 1254 3952 siae

78 3997 176 4055 sonito.
222 4013 260 4056 ea
282 4004 332 4056 est
354 3997 505 4075 primaria
529 4005 560 4056 et
582 3995 675 4074 plane
699 3995 877 4054 necessaria
902 3994 1079 4054 sententiae
1102 4009 1187 4074 pars,
1209 3975 1253 4054 ‘ad

78 4113 162 4172 quam
185 4101 345 4180 pertinere
368 4097 506 4160 debebat
529 4095 687 4178 quidquid
708 4094 895 4158 adderetur.
935 4094 1140 4162 scribendum
1158 4097 1254 4176 igitur

80 4215 143 4259 esse
164 4205 307 4264 existimo

281 4297 349 4368 ἀλλ’
376 4295 474 4376 αὕτως
497 4303 602 4389 ἀκαλῷ
623 4299 691 4366 ποτὶ
712 4296 807 4387 πάχεϊ
828 4295 1028 4386 ἐξεμαράνῦη.

81 4404 316 4486 interpretantur
339 4427 447 4471 vocem
471 4409 555 4470 illam
578 4408 772 4499 grammatici
796 4417 928 4487 propter
948 4407 1146 4468 Homericum
1170 4401 1252 4469 ἀκα-

79 4507 223 4590 λαρρείταο
252 4506 422 4596 βαθυρρόου
448 4507 613 4574 Ὠκεανοῖο.
661 4509 756 4570 schol.
792 4510 826 4570 ll.
853 4529 893 4571 ru
918 4511 979 4571 ild
1010 4505 1250 4595 ἀκαλαρρείταο·
