3252 5130
596 422 794 486 hnrensrnrr.
1218 405 1292 478 645

232 623 284 676 ίαν
305 616 455 677 mtrucnlo
478 614 611 676 terribili
631 633 708 675 novo
729 631 907 676 rrr1s1rsro
925 610 1016 691 affuit
1028 608 1172 687 {lammae
1187 607 1291 670 cedere

227 719 509 799 perseverentiam
531 719 582 778 cui
603 719 715 779 sentire
737 714 834 796 defuit
851 731 910 794 per
932 719 1088 773 naturam.

146 839 206 882 xrn
231 820 270 882 lh
297 820 335 880 l9
359 817 480 900 obsequi
500 818 709 900 defensomhus
732 819 819 880 utin
840 816 931 877 malis
953 813 1082 895 optabile
1103 831 1195 894 quam
1217 835 1291 878 sre-

239 945 310 984 rrss
330 923 491 1003 mancipiis
513 921 669 986 arbitrati.

232 1023 329 1086 codex
352 1023 515 1087 Fuldensis
537 1026 692 1102 servitute,
711 1023 858 1086 Gelenius
873 1020 991 1083 servire
1006 1019 1082 1096 suis,
1101 1016 1186 1098 quod
1201 1019 1290 1101 vulgo

231 1126 392 1208 probetur.

146 1250 208 1294 un
230 1232 249 1292 8
274 1230 313 1291 l7
333 1229 424 1309 fluuii
437 1230 611 1292 diuersi-
624 1248 726 1292 omues
742 1231 773 1290 tn
789 1245 874 1289 mare
889 1247 946 1289 rrr
956 1223 1067 1306 rapido
1083 1223 1288 1288 decurrentes.

234 1332 332 1396 codex
354 1335 425 1395 ictu.

145 1455 208 1499 xxu
233 1438 271 1497 lh
294 1438 314 1497 8
336 1435 468 1518 haecque
484 1435 556 1497 dum
572 1437 616 1496 ita
625 1433 795 1516 procedunt
809 1454 891 1497 more
909 1440 997 1518 pacis
1021 1462 1120 1502 nrrro
1142 1441 1291 1503 curiosior

236 1539 378 1601 Iulianus
400 1557 511 1599 nouam
533 1538 653 1600 consilii
673 1539 756 1600 uiam
778 1540 935 1622 impressus
958 1549 1011 1602 est.

235 1640 333 1703 codex
355 1641 529 1702 multorum.

148 1765 210 1808 xxu
236 1746 274 1805 th
300 1747 338 1806 lh
361 1745 530 1806 crocodilus
552 1742 688 1806 uectibus
710 1745 863 1824 quiescens
883 1764 941 1827 per
963 1748 1064 1810 undas
1086 1748 1189 1812 diebus
1209 1749 1295 1811 humt

242 1869 418 1910 rurensrrre
441 1845 621 1928 confidentia
643 1848 732 1908 cutes.

236 1967 333 2030 codex
355 1940 563 2049 vithperutur.

193 2107 232 2167 X.
257 2103 454 2167 Aristonicus
482 2104 522 2167 ud
551 2103 657 2165 lliedis
678 2102 705 2164 Α
726 2104 766 2164 59
789 2098 862 2189 πρὸς
883 2099 936 2188 τὴν
959 2109 1017 2168 τῶν
1040 2105 1193 2192 νεωτέρων
1217 2107 1297 2172 loto-

104 2207 173 2295 ρίαν
195 2201 242 2272 δτι
264 2207 401 2272 ἐντεῦθεν
423 2201 476 2290 τὴν
499 2201 577 2270 κατὰ
600 2202 719 2269 Μυσίαν
744 2205 874 2293 ἱστορίαν
897 2205 1042 2273 ἔπλασαν.

195 2313 330 2374 alterum
355 2308 484 2396 ἱστορίαν
508 2311 657 2372 vitiosum
681 2330 751 2373 esse
769 2311 852 2373 vidit
866 2312 1126 2376 Friedlttnderus:
1153 2314 1297 2376 scriben-

103 2416 184 2478 dum
207 2423 256 2477 est
278 2411 445 2499 στρατείαν.

195 2535 247 2596 Xl.
273 2535 434 2597 Amaranti
458 2534 652 2614 grammatici
683 2535 926 2595 commentarius
953 2536 984 2596 in
1008 2535 1165 2597 Theocriti
1188 2535 1295 2617 idyllia

104 2639 159 2700 bis
188 2641 221 2701 in
245 2638 457 2720 Etymologico
486 2639 606 2717 Magno,
644 2634 718 2696 libri
751 2631 819 2720 περί
849 2641 961 2720 σκηνῆς
995 2637 1045 2699 bis
1074 2637 1114 2698 eb
1136 2637 1297 2701 Athenaeo

105 2750 406 2804 commemorentur.
460 2741 617 2819 congessit
641 2738 717 2800 haec
738 2736 864 2800 Ahrens
886 2741 1042 2801 Theocriti
1066 2751 1088 2803 t.
1116 2760 1137 2802 ιι
1160 2762 1192 2822 p.
1218 2761 1294 2802 xxxi.

104 2843 292 2907 addendum
327 2853 375 2904 est
409 2842 495 2923 quod
529 2841 667 2902 Galenus
701 2839 796 2902 hebet
826 2841 870 2904 de
903 2843 1053 2905 antidotis
1083 2862 1104 2903 ιι
1134 2853 1157 2904 t.
1190 2863 1211 2904 11
1235 2845 1295 2905 h56

104 2951 178 3010 Bas.
195 2966 248 3008 xus
272 2949 333 3008 929
365 2947 457 3008 Char.
514 2937 698 3028 Ἀμαράντου
728 2939 801 3028 πρὸς
833 2940 1033 3029 ποδαλγικοὺς
1065 2937 1090 3031 ᾧ
1124 2943 1175 3008 καὶ
1209 2941 1297 3018 αὐτὸς

105 3051 232 3136 ἐχρῆτο.

198 3171 264 3232 ΧΗ.
297 3169 434 3232 Galenus
464 3170 519 3248 qui
550 3167 667 3229 dicitur
696 3166 735 3230 de
764 3166 963 3249 perebilibus
999 3167 1150 3231 remediis
1172 3187 1203 3230 m
1233 3179 1298 3232 ἐκ

107 3297 142 3357 p.
169 3275 230 3336 629
255 3273 360 3334 Chert.
395 3271 437 3342 εἰς
466 3265 499 3334 τὸ
527 3265 567 3354 μή
600 3269 696 3333 νοσεῖν
721 3265 811 3356 βόας·
847 3265 964 3356 ἐλάφου
994 3271 1085 3357 κέρας
1113 3270 1167 3343 θὲς
1196 3267 1297 3337 ἐπάνω

105 3374 218 3440 πανίαν
239 3372 291 3438 καὶ
313 3368 414 3438 ἐποίνιυ
437 3366 513 3459 hom
543 3367 696 3456 κανδήλαν
724 3367 775 3436 καί
798 3369 837 3458 μή
862 3369 1007 3439 ἐπιλάθου
1029 3370 1082 3459 τὴν
1110 3369 1226 3460 ἡμέραν
1248 3373 1299 3440 καί

106 3474 188 3544 κατὰ
210 3475 318 3565 χρόνον
341 3477 485 3540 ἐπικαλυῦ
507 3471 556 3540 τὸν
587 3467 671 3559 ἅγιον
695 3471 885 3562 Δημυιίσαριν
908 3474 960 3541 καὶ
976 3469 1081 3562 Ἄρτον
1115 3473 1299 3564 φυλάξοντας

106 3577 148 3648 τὰ
170 3578 263 3666 κτήνη
286 3575 410 3644 καὶτὸν
434 3577 498 3665 βίον
521 3603 585 3642 σου.
633 3580 814 3642 Demusuris
838 3582 890 3642 ille
917 3601 979 3642 non
1002 3581 1150 3645 diversus
1172 3582 1301 3646 videtur

109 3709 129 3750 o
152 3687 274 3749 [lusere
297 3687 388 3747 euius
410 3685 601 3746 mentionem
632 3681 705 3745 lecit
726 3684 925 3764 Epiphanius
952 3683 1025 3746 adr.
1051 3685 1138 3746 heer.
1165 3689 1250 3751 1122
1274 3699 1297 3750 t.

109 3810 134 3852 τι
157 3811 190 3871 ρ.
210 3789 269 3850 483
295 3788 389 3851 Dind.
422 3787 508 3850 τοῦτο
538 3781 646 3848 δὲκαὶ
673 3785 704 3849 ἐν
727 3783 886 3871 Πέτρρτρ
909 3781 1062 3850 πόλει-
1084 3787 1115 3849 ἐν
1137 3791 1180 3872 τῷ
1203 3789 1300 3854 ἐκεῖσε

109 3889 243 3977 εἰδωλίῳ
265 3883 360 3963 οθτως
374 3888 486 3975 γίνεται
506 3885 559 3952 καὶ
570 3883 713 3975 Ἀραβικῇ
728 3889 877 3976 διαλέκτῳ
892 3889 1048 3973 ἐξυμνοῦσι
1068 3885 1122 3974 τὴν
1137 3891 1299 3976 παρθένον,

108 3995 273 4065 καλοῦντες
295 3987 388 4077 αὐτὴν
402 3987 549 4078 Ἀραβιστὶ
564 3983 701 4078 χααμοῦ,
725 3991 857 4056 τουτέστι
872 3987 976 4078 κόρην,
1001 3988 1049 4057 εἴτ’
1069 3984 1121 4056 οὖν
1136 3994 1299 4080 παρθένον,

110 4092 165 4161 καί
192 4091 242 4159 τὸν
272 4095 303 4165 ἐξ
330 4090 422 4179 αὐτῆς
449 4093 663 4178 γεγεννημένον
695 4088 863 4180 δουσάρην,
895 4095 1043 4159 τουτέστιν
1074 4101 1219 4181 μονογενῆ
1250 4100 1302 4162 τοῦ

111 4193 267 4264 δεσπότου.
314 4197 434 4282 [Multa
455 4199 602 4280 conpessit
616 4197 653 4258 de
667 4199 789 4260 Dusere
805 4198 856 4259 itte
872 4199 898 4258 1.
917 4199 955 4258 H.
974 4198 1210 4262 Mordtmounus
1225 4203 1302 4264 zeit-

111 4301 222 4384 schrift
243 4303 299 4365 der
322 4301 481 4364 deutschen
503 4301 650 4384 morpeul.
675 4299 1010 4384 pesetlsch.xr1199.]

201 4423 280 4484 xlll.
305 4420 469 4484 Menandri
492 4422 525 4481 in
548 4420 663 4482 scholis
681 4421 812 4483 lectitati
836 4420 947 4483 ultime
970 4424 1087 4484 mentio
1111 4431 1158 4484 est
1182 4423 1215 4484 in
1238 4425 1302 4486 vite

114 4527 270 4607 Fulgentii
287 4525 463 4606 Ruspensis
485 4525 588 4605 sepite
611 4525 712 4604 primo
733 4521 892 4606 (editionis
911 4523 1133 4605 Lugdunensis
1155 4547 1184 4590 e.
1205 4525 1295 4612 4623]
