3156 5132
533 443 701 507 Αιιιιοοτι.
1136 431 1210 504 349

44 623 84 696 ἴτε
108 655 136 696 τε
162 629 253 718 ξανθὴ
284 628 429 720 Δημήτηρ
458 630 554 720 Κρίνγ
584 632 783 719 ἐπειγομένων
813 628 930 718 ἀνέμων
959 629 1071 719 καρπόν
1100 657 1132 698 τε
1160 632 1212 698 καὶ

43 726 135 820 ἄχνας.
178 737 372 819 adscriptum
403 747 450 801 est
474 739 505 800 in
529 739 657 800 scholiis
680 737 899 819 Lipsiensibus
922 733 1032 822 ξανθὴν
1055 736 1137 820 λέγει
1158 733 1211 801 τὶν

42 833 184 924 Δήμητραν
213 834 422 926 ἆλληγορικῶς
451 835 500 905 διὰ
530 835 564 904 τὸ
585 835 698 927 πυρρὸν
720 844 772 905 τοῦ
796 839 889 905 circo.
935 843 1049 904 similia
1072 843 1214 922 loquitur

41 943 206 1006 Euslatbius
221 963 255 1025 p.
274 945 335 1006 576
353 947 371 1007 ἲ
387 973 431 997 --
443 944 504 1006 l37
522 947 573 1024 la,
593 939 704 1029 ξανθὴν
721 941 754 1007 δὲ
770 943 851 1028 λέγει
866 939 919 1029 τὴν
935 939 1097 1029 Δήμητραν
1113 939 1214 1028 ἄλλη-

39 1047 152 1129 γορικῶς
174 1043 224 1110 διὰ
246 1043 280 1111 τὸ
303 1044 352 1112 τὸν
376 1045 489 1134 στάχυν
510 1042 647 1112 τοιούτου
669 1043 830 1134 χρώματος
853 1043 996 1132 γεγονότα
1018 1045 1083 1111 εἶτα
1105 1043 1214 1132 ἐπιτή-

39 1147 107 1211 δειον
128 1146 204 1214 εἶναι
226 1149 412 1237 θερίζεοθαι.
461 1153 493 1213 in
518 1153 634 1234 hymno
658 1153 690 1213 in
707 1153 855 1215 Cererem
871 1172 903 1213 v.
922 1152 983 1213 279
1008 1151 1116 1214 divina
1133 1151 1212 1214 deae

38 1253 225 1330 pulchritudo
245 1254 450 1336 describitur,
476 1243 581 1325 ξανθαὶ
597 1251 630 1318 δὲ
645 1250 738 1340 κόμαι
752 1249 952 1339 κατενήνοθεν
969 1246 1079 1339 ὤμους.
1120 1265 1214 1336 negat

39 1353 74 1414 ihi
96 1357 223 1419 loannes
246 1359 401 1421 Henricus
422 1360 550 1422 Vossius
572 1380 605 1440 p.
625 1361 664 1421 Sl
690 1359 838 1422 Cererem
862 1353 973 1442 ξανθὴν
997 1358 1059 1421 dici
1082 1369 1215 1440 propter

38 1463 304 1524 maturescentium
327 1463 558 1525 frumentorum
581 1463 715 1526 colorem
736 1463 836 1526 aliave
852 1462 892 1525 de
909 1481 1001 1526 causa
1018 1481 1112 1544 quarn
1129 1461 1214 1544 quod

38 1559 97 1623 llari
125 1565 231 1626 crines
260 1567 400 1628 omnium
429 1566 637 1647 pulcherrimi
667 1565 886 1646 habebantur,
919 1566 1004 1629 unde
1027 1567 1097 1628 aliis
1120 1568 1214 1628 etiam

39 1663 145 1728 deabus
167 1667 368 1731 tribuuntur.
415 1668 578 1731 adsentior
593 1671 700 1732 Vossio
722 1669 764 1733 dc
786 1673 926 1751 antiquis
947 1672 1049 1752 poetis
1065 1668 1211 1732 Graecis:

38 1767 85 1828 sed
106 1789 176 1832 curn
200 1773 303 1834 Latini
325 1783 436 1854 poetae
461 1773 610 1835 Cererem
633 1773 745 1835 ilavam
769 1773 936 1854 dixerunt,
963 1771 1048 1856 quod
1070 1773 1216 1835 lecerunt

39 1872 122 1935 multo
149 1893 249 1955 quam
271 1877 382 1938 Graeci
406 1877 549 1957 saepius,
582 1885 659 1957 puto
681 1896 758 1939 sane
780 1876 934 1940 utendum
959 1896 1029 1940 esse
1052 1895 1089 1939 ea
1111 1875 1216 1956 expli-

35 1977 141 2038 catione
170 1997 269 2058 quam
300 1981 432 2042 Servius
460 1977 500 2041 ad
523 1980 653 2060 Vergilii
683 1979 762 2042 illud
792 1980 879 2062 slavo
902 1981 992 2043 Ceres
1015 1979 1128 2060 Georg.
1147 1997 1157 2040 r
1174 1979 1214 2040 96

36 2075 209 2162 adscripsit,
240 2082 327 2163 slavo
356 2083 468 2146 dieitur
486 2090 614 2164 propter
636 2087 807 2146 cristatum
828 2085 1045 2146 maturitatem.
1092 2083 1215 2163 saepis-

36 2181 100 2244 sime
129 2187 219 2247 enim
249 2185 388 2248 llavcndi
418 2185 612 2249 llavescendi
642 2185 715 2249 llavi
746 2186 909 2249 vocabulis
938 2185 978 2249 de
1002 2187 1108 2248 aristis
1130 2186 1216 2247 arvis

36 2287 139 2366 campis
167 2297 307 2352 utuntur
338 2307 444 2370 neque
475 2289 627 2352 videntur
649 2291 730 2352 hanc
753 2291 973 2371 cogitationem
996 2309 1059 2351 ooo
1082 2290 1216 2350 coniun-

37 2389 106 2451 xisse
140 2411 214 2454 cum
250 2391 330 2456 flava
362 2393 490 2455 Cerere.
544 2394 620 2455 satis
650 2403 759 2474 aperta
788 2413 839 2455 res
869 2403 917 2456 est
944 2392 1000 2455 uhi
1031 2411 1073 2454 ne
1101 2410 1216 2453 nomen

37 2491 152 2568 quidem
177 2495 307 2558 Cereris
337 2495 484 2577 additur,
517 2495 574 2558 sed
604 2497 684 2558 llava
710 2507 833 2559 tantum
856 2495 916 2558 dea
938 2494 1074 2572 dicitur,
1106 2503 1215 2575 utpote

37 2595 105 2670 quod
129 2599 298 2681 proprium
322 2601 351 2661 ei
374 2601 415 2662 sit
431 2619 468 2661 ec
482 2600 701 2680 praecipuum,
726 2600 825 2663 veluti
842 2601 875 2661 in
891 2597 997 2660 Ovidii
1012 2600 1084 2660 hlet.
1103 2617 1133 2659 rr
1151 2597 1211 2657 tls

36 2705 56 2756 et
74 2707 98 2760 te
116 2701 205 2781 fleca
236 2721 337 2766 comas
357 2703 485 2786 frugum
508 2703 669 2764 mitissimo
690 2711 788 2765 muter
811 2704 913 2765 Sensit
934 2720 1042 2783 equum
1063 2710 1096 2764 et
1118 2718 1213 2780 saepe

36 2800 109 2863 allas.
155 2805 215 2868 scd
239 2807 419 2868 accuratius
441 2806 500 2867 hoc
520 2805 730 2868 demonstrari
747 2825 810 2867 non
825 2814 929 2887 potest
945 2805 1006 2867 nisi
1023 2812 1215 2885 pertractata

36 2903 114 2968 simol
136 2909 224 2970 omni
250 2909 515 2990 metonymiamm
539 2928 620 2990 quae
644 2910 677 2971 in
700 2908 882 2971 nominibus
905 2909 1044 2990 propriis
1067 2907 1147 2968 fiunt
1164 2923 1215 2966 ra—

36 3006 123 3071 tione:
149 3011 191 3074 ad
215 3030 313 3092 quam
337 3007 582 3093 disputationem
606 3031 692 3075 nunc
713 3011 863 3093 progredi
887 3012 969 3073 nolo.

107 3115 187 3176 xlx.
220 3115 408 3177 Tertulliani
432 3115 587 3178 librorum
609 3133 722 3196 magna
746 3125 794 3177 est
816 3113 1011 3196 depravatio,
1038 3112 1215 3176 emendatio

36 3223 126 3278 autem
156 3237 194 3280 eo
226 3215 389 3280 difficilior
418 3239 480 3300 quo
509 3219 609 3300 magis
639 3219 693 3281 ille
722 3237 834 3299 aspera
858 3228 890 3279 et
913 3219 1002 3298 quasi
1033 3215 1216 3298 oonlragosa

36 3321 161 3383 oratione
191 3323 307 3385 utitur.
354 3322 465 3384 videor
491 3323 568 3383 mihi
592 3332 697 3384 tamen
719 3340 783 3383 non
806 3321 892 3384 nulla
914 3320 1124 3401 probabiliter
1145 3338 1217 3382 cor-

38 3423 162 3486 rexisse:
190 3443 328 3505 quorum
352 3426 403 3486 hic
425 3428 587 3506 specimen
609 3413 791 3506 proferam.¹

107 3526 150 3588 De
165 3528 264 3609 pallio
280 3547 350 3610 cap.
368 3529 387 3589 5
412 3528 490 3590 haec
505 3530 650 3611 legimus,
676 3529 790 3591 calceos
805 3527 883 3590 nihil
897 3527 1036 3604 dicimus,
1051 3528 1273 3609 propriumsoo

36 3629 107 3706 loque
127 3637 321 3712 tormentum,
346 3632 621 3694 immundissimam
635 3632 745 3713 pedum
759 3632 893 3708 tutelam,
919 3631 1070 3692 verumet
1084 3629 1212 3710 falsam.

37 3743 109 3805 quem
131 3736 212 3797 enim
235 3753 297 3797 ooo
320 3735 465 3817 eaepcdiot
479 3737 511 3797 io
527 3737 631 3819 algore
645 3743 673 3798 et
687 3735 800 3797 ardore
815 3735 916 3818 rigere
930 3733 1111 3815 nudipedem
1125 3752 1217 3816 quom

37 3832 181 3900 uectem
211 3838 421 3919 viocipedem?
449 3857 541 3899 nemo
571 3849 674 3920 potest
703 3837 872 3900 inardere
896 3838 1019 3917 rigere,
1052 3837 1113 3898 nisi
1137 3836 1217 3899 lortc

38 3932 139 4001 lebrim
170 3940 281 4003 habet.
330 3941 436 4021 itaque
459 3943 611 4004 Salmasio
639 3950 667 4005 et
693 3941 807 4004 ardore
836 3938 1008 4002 delendum
1032 3959 1102 4003 esse
1124 3938 1218 4002 vide·

38 4033 135 4104 hatur:
163 4063 357 4125 quamquam
380 4045 474 4107 simul
498 4045 583 4106 idem
598 4047 764 4127 nugatoria
780 4044 1041 4125 interpretatione
1058 4041 1215 4106 defendit.

37 4141 84 4202 sed
113 4147 257 4228 ineptum
287 4148 478 4210 vocabulum
509 4166 571 4210 non
595 4147 768 4211 delendum
792 4154 856 4226 est,
889 4165 1001 4208 verum
1024 4147 1089 4208 leni
1114 4155 1218 4208 muta-
1265 4135 1266 4140 ἵ

38 4245 110 4312 tione
133 4249 381 4314 emendandum.
429 4250 635 4314 scribendum
660 4252 743 4313 enim
768 4269 838 4313 esse
862 4249 1000 4311 arbitror
1022 4251 1055 4312 io
1073 4250 1177 4333 algore
1191 4257 1220 4312 et

39 4345 124 4412 udore
147 4355 259 4436 ripere.
307 4373 370 4416 non
393 4352 544 4416 abhorret
566 4353 607 4416 ab
630 4341 861 4436 hoc'scriptore
885 4353 1050 4431 novitium,
1075 4363 1111 4415 ut
1126 4351 1219 4415 vide·
1325 4341 1328 4346 ¹

39 4459 91 4525 tur,
107 4455 307 4536 vocabulum,
327 4459 418 4520 cuius
433 4459 624 4538 paucissima
640 4466 748 4520 extant
765 4456 921 4536 exempla.
965 4456 1102 4538 Gyrillus
1118 4449 1219 4540 ὑγρα-

40 4549 188 4620 claudor.
236 4561 351 4622 scholia
375 4563 408 4622 in
433 4561 523 4622 Statii
547 4561 646 4624 Theb.
667 4561 755 4623 1206
778 4559 1142 4637 semodomlueretium,
1167 4561 1221 4641 qai

83 4672 193 4728 ιιιηιιι
210 4677 321 4729 opuscul
337 4678 378 4721 111.
641 4715 644 4722 .
975 4679 1008 4730 23
