3178 5136
356 369 428 441 502
749 383 791 442 Ex
814 399 909 442 nnana
930 383 1138 443 Berotrunrrsr.

354 572 480 651 scripsit
502 571 621 632 Seneca
643 587 744 632 omues
767 571 908 632 mortales
931 578 1016 646 tute,
1051 588 1110 630 oon
1132 570 1224 632 mubo
1248 579 1275 632 te
1296 568 1330 630 di
1349 570 1503 634 ammom.

353 685 493 755 poteram
517 691 644 734 servare
668 671 833 746 antecedes,
858 671 916 733 sed
939 672 1034 733 malui
1057 672 1290 734 concinniorem
1308 673 1447 734 orationis
1458 673 1507 733 lor-

354 793 436 838 mam
467 776 644 838 restituere.
693 784 741 836 est
769 773 927 854 quoddam
955 793 1056 854 genus
1085 777 1260 856 scripturae
1284 773 1508 856 Langobardioae

355 881 387 941 in
410 897 471 959 quo
494 887 506 940 t
527 889 558 940 et
580 897 601 940 o
623 880 707 940 inter
729 897 762 940 se
786 878 898 940 similia
921 888 1006 940 sunt.

440 981 527 1043 txtt.
575 981 782 1062 Hieronymus
811 980 965 1042 adversus
987 980 1147 1042 Iovianum
1169 997 1180 1040 1
1203 981 1242 1040 tt
1265 978 1343 1040 Vall.
1368 981 1446 1042 inter
1462 980 1509 1040 alia

354 1085 523 1147 mulierum
552 1103 633 1163 quae
663 1083 761 1145 semel
790 1092 911 1144 tantum
948 1080 1071 1144 nubere
1099 1083 1268 1144 voluerunt
1305 1083 1442 1162 exempla
1466 1083 1510 1144 hoc

314 1175 480 1264 aaadfert,'
509 1188 640 1262 Valeria,
665 1187 882 1248 Messallorum
904 1203 1002 1259 soror,
1027 1187 1140 1246 umnec
1163 1185 1271 1246 Servio
1294 1187 1361 1246 ciro
1382 1185 1455 1246 nulli
1471 1203 1511 1245 oe

354 1288 432 1352 lebat
452 1289 574 1350 urbere.
620 1307 697 1369 quoe
719 1290 906 1370 iutcruopotu
928 1307 985 1349 carr
1003 1286 1120 1367 fuceret
1147 1288 1192 1348 nit
1211 1286 1270 1349 sibi
1297 1305 1413 1367 semper
1431 1289 1512 1348 mori-

326 1376 330 1384 ’
353 1401 415 1455 tum
432 1393 573 1453 Servium
595 1393 707 1452 vicere.
740 1390 948 1471 probabiliter
970 1388 1003 1451 id
1021 1391 1152 1451 Haasius
1173 1388 1215 1450 ad
1230 1391 1382 1451 Senecam
1398 1389 1510 1452 rettulit.

353 1497 472 1576 quippe
495 1496 704 1575 Hieronymus
726 1503 833 1574 postea
848 1511 917 1573 cap.
936 1495 975 1553 ta
992 1493 1070 1554 haec
1091 1491 1179 1570 dicit,
1204 1494 1395 1572 seripserunt
1414 1491 1513 1554 Areu

353 1598 423 1658 tales
448 1595 627 1659 Plutarchus
649 1603 677 1657 et
697 1602 799 1657 noster
822 1597 936 1658 Seneca
957 1595 994 1656 de
1016 1595 1205 1656 matrimonio
1227 1594 1338 1671 lob-ros,
1363 1613 1405 1657 aa
1425 1593 1513 1675 prout

352 1709 380 1762 et
408 1702 569 1781 superiora
597 1719 657 1761 aon
684 1699 772 1760 nullo
800 1706 872 1761 suut
900 1705 927 1760 et
954 1699 1013 1760 isto
1046 1715 1122 1778 quoe
1148 1696 1325 1760 subicimus.
1371 1697 1515 1778 praeteriit

352 1803 506 1865 Valeriam
529 1803 720 1882 Borghesius
743 1821 814 1864 cum
837 1801 876 1863 de
897 1800 1049 1862 Messallis
1070 1799 1244 1880 disputavit
1265 1799 1326 1880 Op.
1344 1818 1354 1862 1
1370 1821 1402 1880 p.
1420 1801 1512 1862 lttss.

353 1906 430 1966 mibi
453 1907 570 1968 mentio
594 1906 662 1968 eius
684 1903 898 1966 memorabilis
920 1921 989 1966 esse
1005 1901 1132 1964 videtur
1154 1911 1285 1982 propter
1307 1903 1472 1983 Sulpiciam
1484 1901 1514 1962 ad

352 2027 446 2088 quam
470 2027 543 2089 pars
572 2008 745 2068 carminum
770 2005 885 2070 Tibulli
915 2007 1041 2068 nomine
1069 2006 1358 2085 conprehensorum
1381 2006 1512 2085 pertinet.

437 2110 594 2172 Messallas
621 2128 753 2190 quorum
784 2127 871 2170 soror
893 2109 1015 2169 Valeria
1046 2108 1098 2168 illa
1127 2107 1186 2169 fuit
1213 2126 1254 2170 ne
1291 2109 1375 2170 inter
1396 2107 1515 2168 Valerios

351 2212 472 2274 ultimis
499 2211 617 2274 liberae
645 2214 690 2276 rei
720 2211 865 2293 publicae
895 2210 1092 2291 temporibus
1119 2210 1316 2288 antiquiores
1345 2227 1515 2289 quaeramus

352 2324 477 2376 cautum
493 2324 542 2376 est
557 2316 603 2378 eis
620 2333 700 2395 quae
716 2317 925 2376 Mommsenus
948 2314 1045 2392 (Rom.
1062 2311 1177 2393 [orech.
1195 2321 1218 2373 t.
1237 2331 1295 2391 rp.
1314 2311 1365 2394 tt)
1393 2311 1432 2374 de
1446 2313 1515 2373 eius

352 2415 435 2478 modi
458 2418 677 2497 cognominum
707 2436 766 2478 usu
796 2416 959 2478 disseruit.
1006 2433 1111 2494 neque
1140 2415 1288 2494 intellego
1310 2415 1349 2476 M.
1375 2415 1514 2477 Valerium

351 2520 551 2582 Messalinum
573 2521 640 2582 sive
662 2520 852 2596 Messallam,
878 2521 933 2598 qui
956 2518 1063 2580 consul
1087 2516 1146 2578 init
1167 2535 1250 2579 anno
1272 2535 1378 2590 neam,
1403 2518 1516 2595 eiusque

352 2619 480 2682 tratrem
503 2624 542 2682 M.
567 2621 729 2685 Aurelium
754 2622 873 2692 Cottam
895 2623 1074 2694 Maximum,
1098 2618 1259 2680 Messallae
1281 2621 1415 2682 oratoris
1435 2619 1512 2680 filios:

351 2743 422 2786 nam
447 2724 543 2802 Cotta,
569 2726 609 2787 de
631 2743 694 2804 qno
710 2726 877 2786 Hennenus
899 2725 931 2785 in
951 2721 1127 2784 Annalibus
1149 2722 1284 2784 instituti
1307 2721 1515 2800 archaeologici

351 2837 373 2888 t.
399 2845 495 2888 mvn
518 2847 550 2908 p.
570 2828 588 2889 t
605 2847 646 2890 ss.
678 2826 869 2907 disputavit,
901 2843 964 2886 non
993 2824 1096 2888 dictus
1126 2836 1189 2900 est,
1221 2835 1375 2904 quantum
1406 2823 1515 2904 quiden

350 2930 484 3008 scimus,
514 2931 669 3008 Messalla,
701 2929 757 2992 sed
779 2929 978 3006 MessalinuS,
1011 2937 1081 3008 post
1103 2925 1210 2988 fratris
1233 2926 1364 3006 quidem
1388 2939 1513 2998 mortem,

350 3051 455 3112 neque
478 3052 514 3094 ea
536 3043 608 3094 utor
630 3031 830 3094 excusatione
853 3040 888 3092 ut
908 3029 1012 3092 dicam
1032 3031 1195 3108 Senecam,
1222 3029 1307 3109 quod
1330 3028 1433 3092 lacere
1453 3047 1515 3090 sane

350 3133 478 3196 videtur
501 3136 656 3215 potuisse,
683 3135 787 3194 minus
813 3133 962 3195 adcurate
990 3133 1127 3194 locutum
1157 3151 1242 3210 esse,
1275 3131 1515 3213 quandoquidem

350 3237 390 3298 de
419 3238 489 3298 aliis
517 3236 640 3299 duobus
661 3237 813 3298 Messallis
843 3235 1043 3314 cogitandum
1073 3254 1141 3297 esse
1170 3233 1281 3296 videor
1310 3235 1389 3296 mihi
1416 3233 1515 3315 proba-

349 3338 457 3400 biliter
487 3358 555 3402 esse
565 3317 865 3402 'demonstraturus
912 3347 944 3400 et
971 3339 1073 3417 possis
1101 3335 1230 3417 quidem
1261 3339 1400 3418 cogitare
1426 3337 1464 3398 de
1482 3337 1512 3396 M.

348 3442 470 3503 Valerio
486 3442 625 3504 Messalla
641 3443 745 3521 Nigro,
763 3440 891 3502 consule
906 3459 989 3502 anno
1000 3459 1121 3518 nexum,
1139 3450 1171 3502 et
1186 3441 1224 3500 M.
1243 3440 1368 3501 Valerio
1378 3437 1513 3514 Messalla,

349 3545 477 3606 consule
503 3563 585 3606 anno
607 3563 693 3606 ocur:
725 3562 915 3624 quamquam
946 3544 1101 3604 incertum
1131 3551 1196 3620 est,
1229 3541 1314 3621 quod
1343 3543 1514 3624 Borghesius

348 3648 467 3723 statuit,
494 3647 608 3710 iratres
629 3665 683 3708 eos
705 3645 819 3710 fuisse:
852 3645 910 3708 sed
932 3646 1029 3706 multo
1058 3653 1107 3706 est
1127 3645 1263 3706 similius
1284 3647 1355 3706 veri
1377 3645 1513 3706 Valeriam

348 3769 487 3813 sororem
510 3749 607 3812 luisse
628 3751 668 3810 M.
693 3750 808 3812 Valerii
832 3748 992 3810 Messallae
1015 3747 1159 3825 Corvini,
1191 3747 1267 3808 clari
1296 3749 1428 3810 oratoris
1453 3763 1514 3808 oon·

347 3854 490 3933 sulisque
512 3871 593 3914 anno
615 3871 755 3927 oncrum,
780 3862 812 3914 et
833 3852 873 3913 M.
890 3851 1006 3912 Valerii
1028 3849 1189 3912 Messallae
1212 3850 1314 3926 Potiti,
1339 3869 1433 3930 quem
1452 3866 1514 3910 con-

347 3956 447 4020 sulem
464 3974 546 4018 anno
560 3973 678 4018 nccuu
702 3953 798 4016 luisse
814 3963 970 4016 testantur
984 3955 1065 4014 Fasti
1088 3954 1226 4014 minores
1242 3951 1314 4013 CIL.
1334 3962 1358 4014 t.
1376 3970 1386 4012 r
1401 3972 1433 4032 p.
1451 3951 1512 4024 ttt,

347 4077 481 4138 quorum
503 4059 604 4139 potior
627 4067 675 4118 est
697 4058 865 4118 auotoritas
887 4074 982 4136 quam
998 4054 1096 4118 Cassii
1111 4056 1219 4118 Dionis
1234 4073 1263 4115 tr
1279 4056 1314 4116 Sl
1336 4053 1514 4134 adsignantis

346 4179 419 4222 eum
442 4179 523 4222 anno
544 4177 668 4221 nccxur.
715 4177 794 4237 quos
817 4159 973 4220 Messallae
995 4158 1109 4222 iratres
1132 4158 1229 4222 fuisse
1249 4159 1310 4220 etsi
1334 4156 1444 4220 docere
1462 4172 1512 4218 non

346 4281 491 4343 possum,
522 4281 585 4324 non
614 4261 714 4341 magis
741 4271 846 4322 tamen
875 4279 1000 4323 causam
1029 4281 1101 4324 essa
1130 4260 1223 4322 viden
1255 4280 1315 4324 cur
1341 4280 1401 4324 non
1428 4259 1512 4322 tuisse

346 4377 465 4446 putem,
491 4373 748 4445 putaveruntque
772 4382 843 4425 cum
865 4363 918 4424 aiii
941 4373 1008 4426 tum
1030 4365 1231 4445 Borghesius.

431 4468 479 4528 Ex
507 4455 673 4530 Messallae
695 4467 822 4552 Corvini
851 4464 942 4528 domo
972 4466 1128 4546 prodiisse
1158 4466 1262 4528 videri
1298 4461 1433 4546 syllogeu
1460 4477 1510 4542 qua
