3252 5130
359 385 433 458 622
755 408 799 468 Ex
821 426 916 468 ιιιιιιι
945 426 1147 472 summumst.

508 592 577 652 iuclc
599 612 708 654 uanam
728 597 861 675 pavidas
884 615 984 659 vocam
1003 597 1175 679 furibunda
1198 618 1255 679 pcr
1278 618 1377 660 auras

507 699 709 778 coapcmmat,
736 719 797 780 qua
816 702 938 780 primus
961 699 1051 763 Athos
1074 711 1102 764 et
1120 711 1231 782 pontus
1255 710 1282 763 et
1304 704 1409 784 iapcus

510 798 628 862 Thraca
646 802 740 881 palas
759 806 937 885 pariterque
958 807 1034 867 toris
1057 803 1220 866 anlorruit
1243 806 1342 866 omnis

506 911 653 965 malcu'ct
674 905 819 967 adstricto
843 909 1007 990 ripueruat
1027 907 1117 969 ubero
1139 909 1218 970 uati.

356 1004 446 1064 nihili
470 1016 518 1066 est
539 1008 669 1087 primus,
697 1025 801 1089 neque
818 1011 987 1092 quicquam
1011 1013 1169 1074 succurrit
1191 1013 1306 1073 melius
1328 1031 1423 1092 quam
1439 1011 1541 1072 Peerl-

355 1107 474 1190 kampii
492 1111 615 1190 pulsus.
664 1121 730 1173 tum
752 1113 927 1195 Madvigius
949 1114 1031 1176 adv.
1058 1127 1081 1176 t.
1101 1135 1122 1176 ιι
1151 1136 1184 1196 p.
1205 1116 1265 1176 ⁴37
1294 1116 1387 1196 palus
1418 1117 1449 1176 iu
1473 1115 1541 1176 sulit

355 1212 541 1275 mutandum
564 1206 634 1275 ussd
658 1217 792 1277 censuit.
841 1237 890 1280 me
903 1219 1047 1280 Valerius
1062 1220 1152 1299 quasi
1168 1217 1376 1281 admonuerat
1399 1217 1542 1280 scriben-

354 1315 429 1378 dum
454 1337 523 1379 ossa

671 1441 733 1504 qua
753 1423 863 1503 pulsus
887 1421 978 1488 actos
1001 1434 1030 1487 ct
1048 1435 1158 1506 pontus
1181 1433 1209 1488 a
1232 1427 1337 1508 iupa-us

511 1524 628 1586 Tluaca
651 1537 756 1606 pavet.

352 1624 432 1688 dixit
448 1646 482 1687 ιιι
499 1627 559 1688 584
583 1637 674 1709 pavet
695 1631 791 1690 arants
814 1633 935 1692 conscia
959 1633 1018 1694 latc
1033 1633 1132 1708 Silva,
1154 1641 1269 1714 pavout
1292 1641 1417 1707 nautes,
1436 1653 1464 1694 ιι
1482 1635 1534 1693 444

351 1730 434 1792 ilaus
458 1731 500 1792 ad
519 1729 675 1812 fremitum
698 1737 1055 1815 sparsospucpc1·avia
1078 1753 1165 1798 sucos
1188 1736 1300 1797 Sidera
1320 1737 1389 1816 fiam
1416 1745 1536 1816 paueat.

351 1852 413 1894 non
436 1833 510 1895 facit
533 1834 727 1897 momentum
750 1836 836 1916 quod
856 1838 991 1918 pauidas
1015 1839 1119 1919 paullo
1141 1848 1233 1901 antoa
1256 1839 1384 1919 legitur.

436 1935 521 1998 Idem
538 1930 681 2000 Valerius
697 1958 727 2000 ιι
744 1941 805 1999 446

503 2059 557 2103 acc
579 2041 654 2103 mllu'
674 2042 806 2104 diuersis
829 2051 968 2104 erramm
991 2044 1113 2106 casibus
1135 2043 1235 2106 orbem

506 2147 638 2207 amissos
662 2155 718 2207 aut
731 2147 810 2236 'llere
832 2146 934 2208 domos
957 2155 1013 2209 aut
1033 2147 1137 2209 dulcia
1159 2155 1276 2228 tempus

504 2248 640 2309 lumiaa:
664 2250 814 2311 consuetis
837 2267 939 2311 secum
962 2258 1007 2311 cst
1028 2269 1070 2312 ecc
1092 2249 1199 2312 ordine
1217 2249 1297 2331 fatis

503 2351 663 2433 lapemcrc.

347 2455 490 2533 ineptum
506 2463 553 2516 est
569 2456 728 2516 cousualis.
755 2455 929 2534 Madvigius
945 2475 977 2535 p.
990 2457 1050 2516 444
1073 2457 1258 2536 consumptis
1274 2455 1412 2534 scripsit.
1449 2455 1535 2534 equi-

346 2553 429 2617 ldem
453 2558 648 2618 conieceram
671 2558 825 2638 conpletis.
872 2557 958 2638 quod
981 2567 1084 2620 teneo.
1610 2593 1611 2631 ι

433 2658 543 2721 CLVll.
577 2661 695 2722 Statius
719 2660 796 2720 Silv.
824 2661 956 2721 v3219

502 2764 572 2824 talis
598 2763 773 2844 Olympiaca
797 2765 935 2824 cuccacm
958 2781 1026 2825 cum
1048 2771 1161 2843 spectat
1184 2783 1282 2824 arcuo

501 2868 555 2947 qui
575 2869 688 2948 penult,
711 2868 783 2947 plus
807 2868 870 2946 ipsc
889 2867 973 2948 scrut,
997 2867 1069 2947 plus
1092 2867 1181 2928 corde
1203 2865 1260 2928 sub
1282 2867 1343 2926 alta

498 2970 656 3044 caudatam·
688 2969 848 3030 attendunt
869 2971 968 3048 cuctci,
993 2977 1147 3050 spectatur
1169 2968 1293 3031 atlilctcs

500 3073 550 3133 illc
573 3075 681 3155 acopis,
708 3072 813 3134 crebro
836 3072 908 3133 dum
932 3073 1049 3134 lumina
1067 3074 1207 3153 pulveris
1229 3072 1342 3134 haustu

435 3208 439 3216 ·
498 3175 598 3237 obtuit
618 3184 646 3238 ct
664 3195 781 3256 prensa
802 3183 888 3236 vovet
909 3176 1059 3256 cupirarc
1080 3194 1202 3237 corono.

344 3277 487 3339 Salmasii
510 3288 556 3339 est
579 3279 721 3340 athletas:
747 3278 829 3339 libor
852 3279 994 3340 Politiani
1017 3289 1124 3340 utrum
1147 3285 1244 3339 aceles
1272 3297 1312 3338 an
1336 3285 1449 3339 acestes
1477 3277 1528 3336 ha·
1600 3287 1601 3321 t

344 3379 448 3442 buerit
471 3380 577 3442 dicere
594 3401 718 3462 possem
735 3383 795 3444 nisi
813 3383 975 3462 exemplat·
998 3381 1235 3443 adnotationum
1252 3381 1393 3442 Politiani
1410 3399 1524 3442 summa
1599 3343 1600 3391 ¹

344 3503 419 3546 cura
441 3483 557 3546 factum
581 3485 672 3566 eulpa
699 3484 913 3547 adulescentis
942 3487 992 3547 cui
1023 3483 1299 3546 commodaveram
1328 3485 1519 3564 periisset'.

342 3589 461 3669 recepit
478 3589 599 3650 athletos
615 3587 828 3668 Marklandus,
847 3587 903 3650 sed
920 3608 991 3649 oum
1008 3589 1178 3650 Salmasius
1194 3597 1361 3669 praeterea
1380 3593 1523 3668 spu-tator

342 3690 437 3752 scribi
461 3691 623 3770 iussisset,
655 3693 759 3753 tenuit
787 3699 941 3772 spectatur
969 3701 1001 3752 et
1031 3691 1112 3752 hanc
1134 3690 1260 3753 addidit
1282 3690 1518 3752 adnotationem.

283 3815 327 3859 tsi
345 3799 445 3875 ‘putor
462 3797 516 3876 qui
540 3783 629 3856 ludis'
647 3795 817 3876 olympicis
840 3795 939 3856 filium
961 3796 1100 3856 athleten
1125 3805 1246 3875 spectat
1269 3795 1368 3874 magis
1389 3803 1438 3855 est
1459 3793 1522 3852 ath-

343 3898 420 3960 letos
449 3917 543 3978 quam
572 3897 639 3978 ipse
668 3897 766 3975 filius;
799 3899 898 3978 magis
926 3898 1061 3959 athletos
1091 3907 1268 3979 spectatur,
1299 3917 1343 3960 sc.
1374 3895 1414 3958 ab
1444 3896 1518 3958 aliis,

343 4003 462 4082 quippo
491 4021 564 4064 eum
592 4000 761 4062 attendunt
789 4002 904 4063 cunci!
951 4019 1013 4062 uon
1042 4011 1219 4080 congruunt
1252 4019 1334 4080 quae
1358 4011 1516 4062 secuntur:

343 4104 429 4165 nullo
452 4105 536 4166 enim
560 4102 713 4165 modoad
736 4113 858 4185 patrem
889 4103 1002 4165 referri
1032 4114 1173 4184 possunt.
1221 4104 1275 4164 vix
1303 4113 1408 4168 autem
1430 4101 1518 4164 oculis

414 4275 438 4334 *p
466 4273 480 4341 l
485 4277 573 4338 Nuper
590 4278 725 4326 didicimus
749 4291 783 4326 ca
802 4279 857 4338 lpso
877 4277 921 4326 illo
944 4278 1010 4338 quod
1030 4277 1158 4338 Hauptlus
1179 4277 1290 4337 periisse
1315 4279 1464 4338 conquam
1486 4277 1517 4320 cst

341 4363 485 4424 cacinplarl
497 4363 652 4411 Politlaaam
670 4363 704 4412 ad
716 4364 834 4412 editionis
843 4365 971 4424 principis
988 4367 1077 4412 sicclus
1095 4363 1158 4412 silli
1175 4363 1323 4411 adnotasse.
1360 4361 1441 4410 edituo
1457 4361 1515 4407 caint

342 4453 402 4498 suut
416 4449 502 4498 Situm
520 4451 553 4497 al
571 4452 695 4498 amussim
716 4449 927 4511 Hauptiaaurum
944 4451 1098 4498 schedarum
1115 4449 1147 4498 ab
1160 4447 1434 4502 sanctionum«)
1449 4447 1515 4494 ania

340 4535 390 4598 tide
407 4536 474 4582 titulo
491 4530 598 4598 abusa]
1547 4530 1550 4534 ’
