3252 5130
588 417 805 478 Comnoruum.
1216 399 1289 472 597

98 603 299 666 adnotatione
331 623 413 684 quae
443 597 586 668 ὑποθέσει
608 607 774 667 Persarum
796 602 944 686 Aeschyli
974 606 1094 666 inserta
1117 613 1183 682 est,
1214 605 1290 666 item

99 706 185 788 apud
210 706 365 768 Pollucem
390 725 418 768 ιν
442 707 495 768 53.

186 809 290 871 cxtlt.
336 809 514 874 Dinarchus
537 830 582 872 or.
604 813 616 872 l
645 810 717 894 §ll
743 809 794 876 καί
809 807 864 876 οὐκ
878 807 1004 895 ἠλέησε,
1029 807 1118 896 φημί,
1143 802 1160 872 ό
1184 802 1291 895 μιαρός

98 902 183 983 οὗτος
205 905 292 974 πόλιν
308 904 402 982 olto<
417 911 542 996 οἰκτρῶς
557 907 778 999 ἀπολλυμένην,
805 914 848 986 εἰς
863 905 899 998 ἣν
915 912 1112 998 ἐπρέσβευσεν
1135 905 1187 997 ὕφ’
1208 906 1291 996 lpse

98 1009 288 1092 ἀποσταλείς,
312 1005 350 1098 ἧς
372 1008 556 1098 ὁμόσπονδος
578 1013 628 1080 καί
643 1013 846 1104 ὁμοτράπεζος
860 1009 1005 1088 πολλάκις
1019 1016 1153 1100 γέγονεν,
1175 1007 1212 1101 ἢν
1229 1010 1291 1080 αύ-

96 1111 147 1189 τός
170 1141 247 1204 φησι
269 1111 427 1203 σύμμαχον
451 1113 519 1202 ὐμῖν
542 1122 687 1203 ποιῆσαι,
718 1115 891 1206 ἀλλὰπρὸς
918 1112 969 1192 υῖις
991 1113 1190 1204 εύτυχοδντας
1211 1121 1292 1182 πολ-

98 1214 184 1292 λάκις
206 1211 296 1305 ἦλθε,
322 1215 444 1294 τούτους
468 1217 652 1309 ἀτυχοῦντας
674 1223 874 1310 προδέδωκεν.
922 1227 992 1287 iure
1021 1222 1121 1285 verba
1144 1224 1198 1284 illa
1220 1216 1292 1306 πρὸς

98 1314 149 1395 οθς
172 1319 374 1409 εὐτυχοῦντας
395 1317 541 1398 πολλάκις
562 1317 640 1409 ἦλθε
663 1328 781 1391 Klotzio
804 1329 873 1390 visa
895 1339 970 1390 sunt
984 1347 1048 1388 non
1067 1328 1145 1388 satis
1166 1327 1292 1406 plenam

95 1429 288 1489 seutentiam
305 1428 471 1508 praebere.
520 1431 653 1510 praebet
668 1431 794 1511 plenam
815 1442 847 1494 et
862 1441 968 1512 aptam
985 1429 1071 1510 quod
1086 1428 1293 1492 scribendum

98 1549 167 1590 esse
192 1532 327 1594 coniecit
348 1526 421 1615 πρός
444 1523 496 1604 οθς
520 1528 718 1619 εὐτυχοῦντας
740 1528 839 1597 έλθολν
862 1527 1063 1611 ἐκολάκευσε,
1097 1531 1154 1594 sed
1183 1533 1291 1612 speeie

96 1631 331 1696 emendationis
354 1635 512 1715 probabili
529 1647 624 1698 earet.
658 1639 735 1698 satis
758 1647 806 1699 est
826 1629 971 1708 πολλάκις
987 1638 1020 1697 in
1043 1628 1135 1704 κόλαξ
1153 1645 1289 1714 mutare,

97 1734 184 1814 quod
208 1755 304 1816 quam
327 1737 410 1800 laeili
434 1757 542 1801 errore
566 1741 598 1800 in
621 1733 766 1811 πολλάκις
796 1741 938 1821 potuerit
966 1737 1134 1818 depravari
1164 1740 1292 1818 ignaros

98 1841 219 1900 veteris
241 1841 420 1920 scripturae
442 1843 540 1904 Bastii
572 1842 679 1905 tabula
702 1861 742 1904 νιι
766 1863 797 1903 ν.
823 1845 858 1906 bl
887 1841 1025 1905 docebit.
1073 1853 1104 1903 et
1131 1841 1292 1904 insederat

95 1943 200 2003 animo
224 1941 345 2004 librarii
367 1938 512 2014 πολλάκις
534 1946 620 2024 quod
642 1946 747 2026 paullo
770 1955 862 2008 antea
886 1933 1078 2025 scripserat.¹

184 2045 287 2106 cxlv.
336 2046 483 2128 Polybius
506 2067 516 2108 1
540 2047 580 2108 58
605 2047 623 2109 7
646 2043 684 2111 τά
707 2045 760 2131 μὲν
788 2038 841 2112 ούν
870 2044 938 2133 περί
960 2042 1010 2110 τόν
1026 2038 1145 2131 Ἔρυκα
1166 2043 1218 2110 καί
1238 2042 1350 2118 roiam

95 2141 222 2218 πεζικὰς
246 2141 385 2231 δυνάμεις
407 2146 548 2233 τοιαύτην
570 2147 644 2236 ἔσχε
667 2145 814 2227 διάθεσιν,
839 2144 877 2214 τὰ
900 2147 933 2212 δὲ
947 2144 1152 2232 πολιτεύματα
1174 2140 1211 2233 ἦν
1227 2144 1292 2233 ἀμ-

96 2248 231 2334 φοτέρων
254 2245 452 2336 παραπλήσια
473 2253 534 2324 τοῖς
551 2255 764 2340 ψυχομαχαῖισι
779 2255 837 2316 τῶν
861 2247 990 2336 εὐγενῶν
1010 2248 1149 2338 ὀρνίθων.
1182 2251 1293 2316 ἐκεῖνοί

95 2379 126 2420 τε
149 2351 210 2440 γὰρ
232 2349 377 2427 πολλάκις
400 2349 624 2428 ἀπολωλεκότες
639 2352 691 2428 τάς
706 2355 854 2440 πτέρυγας
870 2351 921 2418 διὰ
938 2353 992 2439 τὴν
1009 2351 1189 2439 ἀδυναμίαν,
1214 2349 1291 2440 αὐτῇ

96 2457 129 2522 δὲ
152 2463 189 2544 τῇ
215 2459 298 2544 ψυχῇ
324 2457 462 2541 μένοντες
484 2454 667 2544 ἐκβάλλουσι
681 2454 734 2530 ταῖς
748 2453 878 2541 πληγάς,
903 2459 960 2530 ἕως
976 2451 1012 2524 ἀν
1030 2453 1206 2542 αὐτομάτως
1220 2456 1292 2523 ποτὲ

95 2557 306 2647 περιπεσόντες
330 2553 429 2631 αίιτυῖς
452 2558 504 2624 καί
527 2560 636 2645 ῥαδίως
652 2557 792 2646 ἀλλήλων
808 2555 1027 2646 διαδράξωνται
1042 2552 1170 2626 κᾶπειτα
1186 2554 1292 2625 τούτου

94 2663 260 2748 γενομένου
283 2665 383 2749 συμβῇ
406 2657 456 2727 τόν
472 2663 572 2749 ἕτερον
591 2659 688 2728 uitur
703 2665 873 2748 προπεσεῖν.
912 2684 976 2726 non
991 2674 1111 2744 potest,
1137 2675 1292 2744 quantum

97 2769 210 2848 rideo,
244 2768 384 2848 intellegi
413 2763 465 2830 καὶ
488 2765 610 2851 ῥηιδίως.
657 2765 786 2828 ridetur
813 2777 918 2830 autem
942 2767 1020 2829 mihi
1044 2766 1190 2846 Polybius
1212 2767 1293 2830 sori-

97 2873 201 2951 psisse
225 2869 282 2942 ἓως
305 2862 343 2933 ἀν
367 2863 543 2952 αύτομάτως
564 2867 636 2932 ποτὲ
656 2863 865 2953 περιπεσόντες
891 2863 992 2940 αύτοῖς
1007 2866 1129 2953 καιρίως
1152 2863 1292 2952 ἀλλήλων

97 2967 328 3058 διαδράὶωνται.
375 2973 565 3035 adverbium
588 2972 674 3054 quod
697 2983 745 3034 est
767 2969 890 3056 καιρίως
920 2972 961 3034 de
989 2992 1025 3036 eo
1049 2972 1134 3053 quod
1156 2973 1293 3034 letaliter

100 3077 132 3138 lit
155 3076 306 3158 Polybius
329 3086 465 3157 usurpat
487 3094 509 3137 u
527 3078 566 3137 69
584 3077 603 3138 2
627 3085 659 3138 et
681 3095 710 3136 xr
729 3078 767 3136 λθ
785 3078 815 3136 l.
853 3075 1011 3160 προπεσεῖν
1029 3085 1125 3152 reete,
1150 3085 1186 3137 ut
1202 3085 1290 3156 puto,

100 3180 247 3242 Reisltius
270 3181 314 3241 ita
336 3178 399 3242 diei
422 3180 533 3240 statuit
555 3189 591 3240 ut
613 3180 654 3240 sit
673 3181 812 3260 priorem
834 3179 955 3241 eadere.

187 3283 277 3344 CXV.
317 3280 412 3362 Apud
426 3281 611 3344 Dositheum
627 3302 659 3361 p.
680 3281 719 3341 tt
735 3282 850 3345 Boeek.
877 3280 1083 3344 scribendum
1100 3291 1147 3344 est
1162 3274 1178 3344 ό
1195 3304 1292 3366 φρον-

98 3379 201 3470 τιστης
221 3379 336 3472 (εἶπεν)
358 3377 405 3447 ότι
427 3378 443 3447 ό
465 3379 607 3455 κοινωνός
630 3378 722 3447 αὐτοῦ
745 3378 829 3448 ἀπιόν
853 3379 900 3468 εῖη
923 3381 976 3448 καί
999 3377 1040 3468 μή
1064 3381 1246 3468 δεδυνησθαί
1265 3381 1294 3448 τί

97 3511 169 3552 ποτε
194 3483 283 3571 μόνος
305 3487 461 3572 παρέχειν.
502 3487 584 3550 liber
607 3488 776 3549 Vossianus
799 3487 895 3550 habet
919 3487 996 3571 μηδε
1019 3485 1186 3570 θυνησθαι,
1212 3489 1293 3550 Sun-

100 3592 253 3672 gallensis
277 3591 353 3674 μηδε
377 3590 517 3674 δυνησθε.

188 3695 290 3756 cxt't.
339 3692 525 3755 Heliodorus
548 3713 565 3752 ν
583 3694 620 3752 t3
645 3685 687 3763 ὡς
710 3685 738 3754 δ’
766 3689 815 3755 ἐπὶ
835 3687 885 3755 τὸν
907 3687 982 3755 νεολν
998 3694 1050 3756 τοῦ
1064 3685 1180 3776 Ἑρμοῦ
1194 3714 1293 3776 παρε-

98 3797 220 3880 γένοντο
249 3789 354 3881 (τούτῳ
376 3791 434 3880 γὰρ
455 3786 511 3879 ἦγε
533 3789 586 3878 την
611 3792 716 3858 θυσίαν
741 3791 928 3878 Ναυσικλῆς,
959 3790 1001 3867 ὡς
1024 3789 1158 3880 ἀγοραίῳ
1179 3819 1212 3859 τε
1242 3791 1294 3859 καί

100 3899 256 3984 ἐμπορικῷ
279 3893 481 3984 διαφερόντως
503 3899 561 3960 τῶν
586 3889 686 3962 ἀλλων
703 3897 783 3960 θεῶν
810 3897 884 3982 (θεῷ
900 3900 1058 3980 Struvius)
1087 3891 1176 3962 αὑτὸν
1191 3899 1294 3962 καθυ-

99 3997 266 4086 σιούμενος)
293 3998 346 4066 καί
367 3997 404 4064 τὰ
428 3997 494 4086 ίερά
515 3995 642 4087 τάχιστά
663 4024 707 4074 τε,
733 3993 812 4064 υύτω
833 3998 886 4065 καί
900 3997 973 4086 πρὸς
996 3996 1095 4087 βραχύ
1117 3997 1154 4064 τά
1172 3996 1294 4086 σπλάγ-

99 4128 159 4190 χνα
183 4100 203 4169 ό
223 4100 392 4189 Καλάσιρις
414 4099 636 4188 ἐπιθεωρήσας,
660 4100 713 4167 καί
734 4101 872 4186 ποικίλην
897 4105 1066 4187 δηλοῦσθαι
1085 4107 1144 4167 τῶν
1161 4102 1295 4188 μελλόν-

99 4231 157 4270 των
182 4205 354 4292 συντυχίαν,
380 4201 479 4290 ἡδέων
501 4230 534 4271 τε
556 4203 607 4270 καί
630 4208 789 4291 λυπηρῶν,
819 4208 885 4278 ταῖς
913 4209 967 4270 τοῦ
987 4201 1150 4292 πρασιόπου
1171 4209 1294 4292 τροπαῖς

101 4307 250 4396 ἐμφήνας,
275 4304 431 4395 ἐπιβάλλει
452 4305 495 4373 τοί
516 4309 601 4396 χεῖρε
615 4309 677 4381 τοῖς
702 4310 814 4395 βωμοῖς
829 4307 874 4373 ἔτι
888 4301 1085 4395 φλεγομένοις
1110 4322 1169 4373 ete.
1210 4313 1295 4374 Belt·

102 4415 200 4479 kerus
213 4407 342 4499 τάχιστά
356 4437 400 4489 τε,
426 4413 511 4494 quod
527 4415 654 4476 omniuo
670 4413 761 4474 nihili
778 4423 835 4492 est,
858 4415 891 4475 in
907 4411 1091 4500 ἑσφαγίαστο
1107 4413 1293 4476 mutandum

101 4535 170 4580 esse
194 4517 338 4596 eouieoit,
364 4535 471 4597 neque
494 4525 597 4597 potest
620 4515 761 4578 dubitari
788 4518 867 4597 quin
898 4517 1053 4580 eiusmodi
1083 4516 1160 4598 quid
1184 4519 1295 4598 requi-
