<?xml version="1.0" encoding="UTF-8"?>
<!DOCTYPE html PUBLIC "-//W3C//DTD XHTML 1.0 Transitional//EN"
    "http://www.w3.org/TR/xhtml1/DTD/xhtml1-transitional.dtd">
<html xmlns="http://www.w3.org/1999/xhtml" xml:lang="en" lang="en">
 <head>
  <title>
</title>
<meta http-equiv="Content-Type" content="text/html;charset=utf-8" />
  <meta name='ocr-system' content='tesseract 3.04.00' />
  <meta name='ocr-capabilities' content='ocr_page ocr_carea ocr_par ocr_line ocrx_word'/>
</head>
<body>
  <div class='ocr_page' id='page_1' title='image "./mavriciihavptii01haupgoog/mavriciihavptii01haupgoog_0599.png"; bbox 0 0 3252 5130; ppageno 0'>
   <div class='ocr_carea' id='block_1_1' title="bbox 359 399 1145 478">
    <p class='ocr_par' dir='ltr' id='par_1_1' title="bbox 359 399 1145 478">
     <span class='ocr_line' id='line_1_1' title="bbox 359 399 1145 478; baseline 0.008 -8"><span class='ocrx_word' id='word_1_1' title='bbox 359 399 431 470; x_wconf 83' lang='lat'><strong>588</strong></span> <span class='ocrx_word' id='word_1_2' title='bbox 754 415 796 474; x_wconf 80' lang='lat' dir='ltr'><strong>Ex</strong></span> <span class='ocrx_word' id='word_1_3' title='bbox 819 433 914 477; x_wconf 75' lang='lat' dir='ltr'><strong>urana</strong></span> <span class='ocrx_word' id='word_1_4' title='bbox 939 417 1145 478; x_wconf 80' lang='lat' dir='ltr'><strong>Barotrrsnsr.</strong></span> 
     </span>
    </p>
   </div>
   <div class='ocr_carea' id='block_1_2' title="bbox 352 601 1613 4184">
    <p class='ocr_par' dir='ltr' id='par_1_2' title="bbox 356 601 1532 1406">
     <span class='ocr_line' id='line_1_2' title="bbox 443 601 1524 686; baseline -0.002 -23"><span class='ocrx_word' id='word_1_5' title='bbox 443 603 518 664; x_wconf 90' lang='lat' dir='ltr'><strong>Erat</strong></span> <span class='ocrx_word' id='word_1_6' title='bbox 540 602 614 682; x_wconf 85' lang='lat' dir='ltr'><strong>olim</strong></span> <span class='ocrx_word' id='word_1_7' title='bbox 641 603 673 664; x_wconf 93' lang='lat' dir='ltr'><strong>in</strong></span> <span class='ocrx_word' id='word_1_8' title='bbox 696 603 887 667; x_wconf 75' lang='lat' dir='ltr'><strong>bibliotheca</strong></span> <span class='ocrx_word' id='word_1_9' title='bbox 910 602 1157 686; x_wconf 78' lang='lat' dir='ltr'><strong>Guelferbytana</strong></span> <span class='ocrx_word' id='word_1_10' title='bbox 1187 602 1271 664; x_wconf 87' lang='lat' dir='ltr'><strong>liber</strong></span> <span class='ocrx_word' id='word_1_11' title='bbox 1293 603 1454 666; x_wconf 81' lang='lat' dir='ltr'><strong>Gudianus</strong></span> <span class='ocrx_word' id='word_1_12' title='bbox 1473 601 1524 662; x_wconf 81' lang='lat' dir='ltr'><strong>att</strong></span> 
     </span>
     <span class='ocr_line' id='line_1_3' title="bbox 357 705 1527 788; baseline 0 -22"><span class='ocrx_word' id='word_1_13' title='bbox 357 705 412 785; x_wconf 89' lang='lat' dir='ltr'><strong>qui</strong></span> <span class='ocrx_word' id='word_1_14' title='bbox 442 705 614 778; x_wconf 78' lang='lat' dir='ltr'><strong>Querulum</strong></span> <span class='ocrx_word' id='word_1_15' title='bbox 644 725 684 768; x_wconf 87' lang='lat' dir='ltr'><strong>ex</strong></span> <span class='ocrx_word' id='word_1_16' title='bbox 713 705 820 768; x_wconf 86' lang='lat' dir='ltr'><strong>codiee</strong></span> <span class='ocrx_word' id='word_1_17' title='bbox 849 708 980 788; x_wconf 90' lang='lat' dir='ltr'><strong>antiquo</strong></span> <span class='ocrx_word' id='word_1_18' title='bbox 1008 707 1157 768; x_wconf 81' lang='lat' dir='ltr'><strong>Remensi</strong></span> <span class='ocrx_word' id='word_1_19' title='bbox 1185 727 1204 768; x_wconf 94' lang='lat' dir='ltr'><strong>a</strong></span> <span class='ocrx_word' id='word_1_20' title='bbox 1231 705 1378 768; x_wconf 78' lang='lat' dir='ltr'>Samuele</span> <span class='ocrx_word' id='word_1_21' title='bbox 1408 706 1527 767; x_wconf 83' lang='lat' dir='ltr'><strong>Scisssic</strong></span> 
     </span>
     <span class='ocr_line' id='line_1_4' title="bbox 356 808 1527 890; baseline 0.001 -23"><span class='ocrx_word' id='word_1_22' title='bbox 356 808 532 888; x_wconf 86' lang='lat' dir='ltr'><strong>excriptum</strong></span> <span class='ocrx_word' id='word_1_23' title='bbox 567 808 759 872; x_wconf 86' lang='lat' dir='ltr'><strong>continebat.</strong></span> <span class='ocrx_word' id='word_1_24' title='bbox 813 829 887 872; x_wconf 93' lang='lat' dir='ltr'><strong>eum</strong></span> <span class='ocrx_word' id='word_1_25' title='bbox 920 809 1039 873; x_wconf 90' lang='lat' dir='ltr'><strong>librum</strong></span> <span class='ocrx_word' id='word_1_26' title='bbox 1070 809 1150 872; x_wconf 87' lang='lat' dir='ltr'><strong>Galli</strong></span> <span class='ocrx_word' id='word_1_27' title='bbox 1184 819 1362 890; x_wconf 89' lang='lat' dir='ltr'><strong>rapuerunt</strong></span> <span class='ocrx_word' id='word_1_28' title='bbox 1394 827 1527 888; x_wconf 91' lang='lat' dir='ltr'><strong>annoque</strong></span> 
     </span>
     <span class='ocr_line' id='line_1_5' title="bbox 356 908 1530 994; baseline 0 -22"><span class='ocrx_word' id='word_1_29' title='bbox 356 929 488 972; x_wconf 77' lang='lat' dir='ltr'><strong>mcccxv</strong></span> <span class='ocrx_word' id='word_1_30' title='bbox 511 908 647 974; x_wconf 88' lang='lat' dir='ltr'><strong>reddere</strong></span> <span class='ocrx_word' id='word_1_31' title='bbox 675 913 755 976; x_wconf 89' lang='lat' dir='ltr'><strong>iussi</strong></span> <span class='ocrx_word' id='word_1_32' title='bbox 783 931 845 976; x_wconf 91' lang='lat' dir='ltr'><strong>non</strong></span> <span class='ocrx_word' id='word_1_33' title='bbox 868 910 1097 993; x_wconf 89' lang='lat' dir='ltr'><strong>reddiderunt,</strong></span> <span class='ocrx_word' id='word_1_34' title='bbox 1130 914 1294 994; x_wconf 88' lang='lat' dir='ltr'><strong>supposito</strong></span> <span class='ocrx_word' id='word_1_35' title='bbox 1323 910 1530 974; x_wconf 67' lang='lat' dir='ltr'><strong>fraudulenter</strong></span> 
     </span>
     <span class='ocr_line' id='line_1_6' title="bbox 356 1014 1529 1095; baseline -0.001 -20"><span class='ocrx_word' id='word_1_36' title='bbox 356 1014 524 1094; x_wconf 83' lang='lat' dir='ltr'><strong>exemplari</strong></span> <span class='ocrx_word' id='word_1_37' title='bbox 556 1015 700 1095; x_wconf 90' lang='lat' dir='ltr'><strong>inpresso</strong></span> <span class='ocrx_word' id='word_1_38' title='bbox 732 1014 991 1078; x_wconf 86' lang='lat' dir='ltr'><strong>Gommeliniana.</strong></span> <span class='ocrx_word' id='word_1_39' title='bbox 1051 1017 1258 1079; x_wconf 89' lang='lat' dir='ltr'><strong>retinuerunt</strong></span> <span class='ocrx_word' id='word_1_40' title='bbox 1285 1014 1413 1077; x_wconf 91' lang='lat' dir='ltr'><strong>Parisiis</strong></span> <span class='ocrx_word' id='word_1_41' title='bbox 1447 1015 1529 1076; x_wconf 87' lang='lat' dir='ltr'><strong>etiam</strong></span> 
     </span>
     <span class='ocr_line' id='line_1_7' title="bbox 356 1116 1530 1200; baseline 0 -22"><span class='ocrx_word' id='word_1_42' title='bbox 356 1117 431 1178; x_wconf 87' lang='lat' dir='ltr'><strong>alias</strong></span> <span class='ocrx_word' id='word_1_43' title='bbox 466 1116 620 1195; x_wconf 80' lang='lat' dir='ltr'>praedas,</span> <span class='ocrx_word' id='word_1_44' title='bbox 645 1117 848 1199; x_wconf 74' lang='lat' dir='ltr'><strong>Anthologiaa</strong></span> <span class='ocrx_word' id='word_1_45' title='bbox 872 1119 1028 1182; x_wconf 77' lang='lat' dir='ltr'><strong>Palatinae</strong></span> <span class='ocrx_word' id='word_1_46' title='bbox 1064 1129 1187 1200; x_wconf 89' lang='lat' dir='ltr'><strong>partem</strong></span> <span class='ocrx_word' id='word_1_47' title='bbox 1221 1129 1394 1181; x_wconf 81' lang='lat' dir='ltr'><strong>extremam</strong></span> <span class='ocrx_word' id='word_1_48' title='bbox 1427 1116 1530 1179; x_wconf 84' lang='lat' dir='ltr'><strong>iudea</strong></span> 
     </span>
     <span class='ocr_line' id='line_1_8' title="bbox 356 1219 1532 1303; baseline 0.002 -23"><span class='ocrx_word' id='word_1_49' title='bbox 356 1221 470 1301; x_wconf 76' lang='lat' dir='ltr'><strong>pagina</strong></span> <span class='ocrx_word' id='word_1_50' title='bbox 494 1220 568 1297; x_wconf 78' lang='lat' dir='ltr'><strong>att,</strong></span> <span class='ocrx_word' id='word_1_51' title='bbox 593 1219 806 1303; x_wconf 73' lang='lat' dir='ltr'><strong>Thucydidem</strong></span> <span class='ocrx_word' id='word_1_52' title='bbox 830 1241 925 1302; x_wconf 91' lang='lat' dir='ltr'><strong>quem</strong></span> <span class='ocrx_word' id='word_1_53' title='bbox 949 1221 1113 1285; x_wconf 84' lang='lat' dir='ltr'><strong>Behherus</strong></span> <span class='ocrx_word' id='word_1_54' title='bbox 1134 1220 1311 1285; x_wconf 76' lang='lat' dir='ltr'><strong>bustriaeis</strong></span> <span class='ocrx_word' id='word_1_55' title='bbox 1339 1231 1371 1283; x_wconf 90' lang='lat' dir='ltr'><strong>et</strong></span> <span class='ocrx_word' id='word_1_56' title='bbox 1402 1220 1532 1282; x_wconf 82' lang='lat' dir='ltr'><strong>tenebris</strong></span> 
     </span>
     <span class='ocr_line' id='line_1_9' title="bbox 357 1321 1242 1406; baseline 0.002 -22"><span class='ocrx_word' id='word_1_57' title='bbox 357 1321 518 1385; x_wconf 90' lang='lat' dir='ltr'><strong>redditum</strong></span> <span class='ocrx_word' id='word_1_58' title='bbox 542 1343 611 1385; x_wconf 85' lang='lat' dir='ltr'><strong>esse</strong></span> <span class='ocrx_word' id='word_1_59' title='bbox 635 1323 750 1386; x_wconf 83' lang='lat' dir='ltr'><strong>frustra</strong></span> <span class='ocrx_word' id='word_1_60' title='bbox 774 1335 908 1405; x_wconf 91' lang='lat' dir='ltr'><strong>questus</strong></span> <span class='ocrx_word' id='word_1_61' title='bbox 931 1334 990 1400; x_wconf 89' lang='lat' dir='ltr'><strong>est,</strong></span> <span class='ocrx_word' id='word_1_62' title='bbox 1015 1325 1242 1406; x_wconf 80' lang='lat' dir='ltr'><strong>Theognidem.</strong></span> 
     </span>
    </p>

    <p class='ocr_par' dir='ltr' id='par_1_3' title="bbox 357 1426 1532 1801">
     <span class='ocr_line' id='line_1_10' title="bbox 444 1426 1532 1510; baseline 0.002 -24"><span class='ocrx_word' id='word_1_63' title='bbox 444 1427 554 1490; x_wconf 79' lang='lat' dir='ltr'><strong>Penius</strong></span> <span class='ocrx_word' id='word_1_64' title='bbox 583 1427 615 1488; x_wconf 91' lang='lat' dir='ltr'><strong>in</strong></span> <span class='ocrx_word' id='word_1_65' title='bbox 639 1428 792 1491; x_wconf 85' lang='lat' dir='ltr'><strong>Thesauri</strong></span> <span class='ocrx_word' id='word_1_66' title='bbox 821 1438 844 1491; x_wconf 90' lang='lat' dir='ltr'><strong>t.</strong></span> <span class='ocrx_word' id='word_1_67' title='bbox 871 1448 902 1490; x_wconf 88' lang='lat' dir='ltr'><strong>vr</strong></span> <span class='ocrx_word' id='word_1_68' title='bbox 924 1429 987 1492; x_wconf 90' lang='lat' dir='ltr'><strong>vol.</strong></span> <span class='ocrx_word' id='word_1_69' title='bbox 1012 1447 1023 1490; x_wconf 93' lang='lat' dir='ltr'><strong>r</strong></span> <span class='ocrx_word' id='word_1_70' title='bbox 1045 1449 1078 1510; x_wconf 91' lang='lat' dir='ltr'><strong>p.</strong></span> <span class='ocrx_word' id='word_1_71' title='bbox 1099 1429 1158 1490; x_wconf 81' lang='lat' dir='ltr'><strong>l33</strong></span> <span class='ocrx_word' id='word_1_72' title='bbox 1189 1430 1311 1490; x_wconf 79' lang='lat' dir='ltr'><strong>litteras</strong></span> <span class='ocrx_word' id='word_1_73' title='bbox 1341 1426 1444 1490; x_wconf 84' lang='lat' dir='ltr'><strong>edidit</strong></span> <span class='ocrx_word' id='word_1_74' title='bbox 1464 1445 1532 1508; x_wconf 83' lang='lat' dir='ltr'><strong>quas</strong></span> 
     </span>
     <span class='ocr_line' id='line_1_11' title="bbox 357 1529 1531 1613; baseline 0 -23"><span class='ocrx_word' id='word_1_75' title='bbox 357 1529 565 1592; x_wconf 86' lang='lat' dir='ltr'><strong>Godehardus</strong></span> <span class='ocrx_word' id='word_1_76' title='bbox 587 1529 686 1593; x_wconf 88' lang='lat' dir='ltr'><strong>abbas</strong></span> <span class='ocrx_word' id='word_1_77' title='bbox 698 1532 946 1613; x_wconf 78' lang='lat' dir='ltr'><strong>Tegernseeusis</strong></span> <span class='ocrx_word' id='word_1_78' title='bbox 962 1531 1002 1594; x_wconf 91' lang='lat' dir='ltr'><strong>ad</strong></span> <span class='ocrx_word' id='word_1_79' title='bbox 1014 1531 1292 1595; x_wconf 85' lang='lat' dir='ltr'><strong>Nideraltahenses</strong></span> <span class='ocrx_word' id='word_1_80' title='bbox 1307 1532 1405 1592; x_wconf 90' lang='lat' dir='ltr'><strong>misit.</strong></span> <span class='ocrx_word' id='word_1_81' title='bbox 1442 1531 1531 1610; x_wconf 87' lang='lat' dir='ltr'><strong>sarip-</strong></span> 
     </span>
     <span class='ocr_line' id='line_1_12' title="bbox 357 1631 1531 1717; baseline 0.002 -25"><span class='ocrx_word' id='word_1_82' title='bbox 357 1642 423 1694; x_wconf 93' lang='lat' dir='ltr'><strong>tum</strong></span> <span class='ocrx_word' id='word_1_83' title='bbox 447 1632 491 1694; x_wconf 92' lang='lat' dir='ltr'><strong>ibi</strong></span> <span class='ocrx_word' id='word_1_84' title='bbox 515 1643 562 1695; x_wconf 93' lang='lat' dir='ltr'><strong>est</strong></span> <span class='ocrx_word' id='word_1_85' title='bbox 585 1635 690 1696; x_wconf 86' lang='lat' dir='ltr'><strong>mittite</strong></span> <span class='ocrx_word' id='word_1_86' title='bbox 710 1634 795 1697; x_wconf 85' lang='lat' dir='ltr'><strong>nobis</strong></span> <span class='ocrx_word' id='word_1_87' title='bbox 818 1635 930 1698; x_wconf 85' lang='lat' dir='ltr'><strong>librum</strong></span> <span class='ocrx_word' id='word_1_88' title='bbox 949 1637 1073 1698; x_wconf 76' lang='lat' dir='ltr'><strong>Horatii</strong></span> <span class='ocrx_word' id='word_1_89' title='bbox 1092 1643 1122 1698; x_wconf 90' lang='lat' dir='ltr'><strong>et</strong></span> <span class='ocrx_word' id='word_1_90' title='bbox 1142 1635 1285 1717; x_wconf 77' lang='lat' dir='ltr'><strong>epistolas</strong></span> <span class='ocrx_word' id='word_1_91' title='bbox 1304 1635 1408 1696; x_wconf 83' lang='lat' dir='ltr'><strong>Tullii.</strong></span> <span class='ocrx_word' id='word_1_92' title='bbox 1444 1631 1531 1694; x_wconf 85' lang='lat' dir='ltr'><strong>abbas</strong></span> 
     </span>
     <span class='ocr_line' id='line_1_13' title="bbox 357 1735 948 1801; baseline 0.003 -3"><span class='ocrx_word' id='word_1_93' title='bbox 357 1735 457 1798; x_wconf 84' lang='lat' dir='ltr'><strong>iaetus</strong></span> <span class='ocrx_word' id='word_1_94' title='bbox 480 1745 528 1798; x_wconf 90' lang='lat' dir='ltr'><strong>est</strong></span> <span class='ocrx_word' id='word_1_95' title='bbox 550 1736 758 1800; x_wconf 85' lang='lat' dir='ltr'><strong>Godehardus</strong></span> <span class='ocrx_word' id='word_1_96' title='bbox 780 1756 863 1801; x_wconf 88' lang='lat' dir='ltr'><strong>anno</strong></span> <span class='ocrx_word' id='word_1_97' title='bbox 886 1757 948 1800; x_wconf 77' lang='lat' dir='ltr'><strong>rar.</strong></span> 
     </span>
    </p>

    <p class='ocr_par' dir='ltr' id='par_1_4' title="bbox 356 1838 1613 2546">
     <span class='ocr_line' id='line_1_14' title="bbox 442 1838 1529 1920; baseline 0 -21"><span class='ocrx_word' id='word_1_98' title='bbox 442 1838 543 1902; x_wconf 88' lang='lat' dir='ltr'><strong>lledio</strong></span> <span class='ocrx_word' id='word_1_99' title='bbox 565 1840 690 1902; x_wconf 89' lang='lat' dir='ltr'><strong>saeculo</strong></span> <span class='ocrx_word' id='word_1_100' title='bbox 712 1838 899 1904; x_wconf 86' lang='lat' dir='ltr'><strong>duodecimo</strong></span> <span class='ocrx_word' id='word_1_101' title='bbox 920 1840 1128 1904; x_wconf 87' lang='lat' dir='ltr'><strong>Hildeshemii</strong></span> <span class='ocrx_word' id='word_1_102' title='bbox 1151 1839 1249 1903; x_wconf 88' lang='lat' dir='ltr'><strong>luisse</strong></span> <span class='ocrx_word' id='word_1_103' title='bbox 1268 1841 1401 1903; x_wconf 84' lang='lat' dir='ltr'><strong>Tullium</strong></span> <span class='ocrx_word' id='word_1_104' title='bbox 1422 1839 1458 1900; x_wconf 88' lang='lat' dir='ltr'><strong>de</strong></span> <span class='ocrx_word' id='word_1_105' title='bbox 1477 1839 1529 1920; x_wconf 77' lang='lat' dir='ltr'><strong>lepe</strong></span> 
     </span>
     <span class='ocr_line' id='line_1_15' title="bbox 356 1939 1527 2026; baseline -0.001 -25"><span class='ocrx_word' id='word_1_106' title='bbox 356 1943 487 2023; x_wconf 73' lang='lat' dir='ltr'><strong>aquaria</strong></span> <span class='ocrx_word' id='word_1_107' title='bbox 509 1949 537 2004; x_wconf 89' lang='lat' dir='ltr'><strong>et</strong></span> <span class='ocrx_word' id='word_1_108' title='bbox 561 1941 727 2025; x_wconf 79' lang='lat' dir='ltr'><strong>Philippica</strong></span> <span class='ocrx_word' id='word_1_109' title='bbox 749 1953 778 2006; x_wconf 91' lang='lat' dir='ltr'><strong>et</strong></span> <span class='ocrx_word' id='word_1_110' title='bbox 799 1944 942 2026; x_wconf 82' lang='lat' dir='ltr'><strong>epistolas</strong></span> <span class='ocrx_word' id='word_1_111' title='bbox 964 1945 1030 2006; x_wconf 76' lang='lat' dir='ltr'><strong>erus</strong></span> <span class='ocrx_word' id='word_1_112' title='bbox 1052 1953 1175 2006; x_wconf 89' lang='lat' dir='ltr'><strong>constat</strong></span> <span class='ocrx_word' id='word_1_113' title='bbox 1200 1963 1237 2006; x_wconf 78' lang='lat' dir='ltr'><strong>ex</strong></span> <span class='ocrx_word' id='word_1_114' title='bbox 1259 1943 1375 2006; x_wconf 90' lang='lat' dir='ltr'><strong>litteris</strong></span> <span class='ocrx_word' id='word_1_115' title='bbox 1397 1939 1527 2004; x_wconf 83' lang='lat' dir='ltr'><strong>lieinaldl</strong></span> 
     </span>
     <span class='ocr_line' id='line_1_16' title="bbox 356 2044 1526 2128; baseline -0.001 -23"><span class='ocrx_word' id='word_1_116' title='bbox 356 2046 527 2124; x_wconf 83' lang='lat' dir='ltr'><strong>praepositi</strong></span> <span class='ocrx_word' id='word_1_117' title='bbox 550 2045 831 2108; x_wconf 79' lang='lat' dir='ltr'><strong>hildeshemiensis</strong></span> <span class='ocrx_word' id='word_1_118' title='bbox 854 2065 934 2128; x_wconf 89' lang='lat' dir='ltr'><strong>quas</strong></span> <span class='ocrx_word' id='word_1_119' title='bbox 956 2048 1070 2110; x_wconf 83' lang='lat' dir='ltr'><strong>laileus</strong></span> <span class='ocrx_word' id='word_1_120' title='bbox 1092 2049 1125 2109; x_wconf 91' lang='lat' dir='ltr'><strong>in</strong></span> <span class='ocrx_word' id='word_1_121' title='bbox 1144 2047 1354 2109; x_wconf 87' lang='lat' dir='ltr'><strong>llonumentis</strong></span> <span class='ocrx_word' id='word_1_122' title='bbox 1370 2044 1526 2107; x_wconf 87' lang='lat' dir='ltr'><strong>Corbeien-</strong></span> 
     </span>
     <span class='ocr_line' id='line_1_17' title="bbox 357 2146 1524 2231; baseline 0 -23"><span class='ocrx_word' id='word_1_123' title='bbox 357 2146 446 2209; x_wconf 91' lang='lat' dir='ltr'><strong>sibus</strong></span> <span class='ocrx_word' id='word_1_124' title='bbox 468 2167 500 2227; x_wconf 89' lang='lat' dir='ltr'><strong>p.</strong></span> <span class='ocrx_word' id='word_1_125' title='bbox 519 2148 581 2210; x_wconf 76' lang='grc'><strong>326</strong></span> <span class='ocrx_word' id='word_1_126' title='bbox 605 2148 787 2213; x_wconf 87' lang='lat' dir='ltr'><strong>adcuratius</strong></span> <span class='ocrx_word' id='word_1_127' title='bbox 810 2169 905 2231; x_wconf 88' lang='lat' dir='ltr'><strong>quarn</strong></span> <span class='ocrx_word' id='word_1_128' title='bbox 928 2161 1020 2212; x_wconf 91' lang='lat' dir='ltr'><strong>antea</strong></span> <span class='ocrx_word' id='word_1_129' title='bbox 1044 2148 1160 2212; x_wconf 86' lang='lat' dir='ltr'><strong>lactum</strong></span> <span class='ocrx_word' id='word_1_130' title='bbox 1184 2161 1252 2212; x_wconf 89' lang='lat' dir='ltr'><strong>erat</strong></span> <span class='ocrx_word' id='word_1_131' title='bbox 1278 2147 1391 2212; x_wconf 87' lang='lat' dir='ltr'><strong>edidit.</strong></span> <span class='ocrx_word' id='word_1_132' title='bbox 1435 2157 1524 2208; x_wconf 77' lang='lat' dir='ltr'><strong>noum</strong></span> 
     </span>
     <span class='ocr_line' id='line_1_18' title="bbox 359 2252 1613 2332; baseline 0.002 -22"><span class='ocrx_word' id='word_1_133' title='bbox 359 2268 426 2311; x_wconf 90' lang='lat' dir='ltr'><strong>reru</strong></span> <span class='ocrx_word' id='word_1_134' title='bbox 449 2268 512 2312; x_wconf 91' lang='lat' dir='ltr'><strong>non</strong></span> <span class='ocrx_word' id='word_1_135' title='bbox 531 2261 707 2332; x_wconf 87' lang='lat' dir='ltr'><strong>repeterem</strong></span> <span class='ocrx_word' id='word_1_136' title='bbox 731 2255 792 2316; x_wconf 91' lang='lat' dir='ltr'><strong>nisi</strong></span> <span class='ocrx_word' id='word_1_137' title='bbox 817 2273 906 2316; x_wconf 89' lang='lat' dir='ltr'><strong>error</strong></span> <span class='ocrx_word' id='word_1_138' title='bbox 928 2255 962 2316; x_wconf 92' lang='lat' dir='ltr'><strong>in</strong></span> <span class='ocrx_word' id='word_1_139' title='bbox 978 2254 1043 2316; x_wconf 89' lang='lat' dir='ltr'><strong>illis</strong></span> <span class='ocrx_word' id='word_1_140' title='bbox 1058 2252 1168 2316; x_wconf 88' lang='lat' dir='ltr'><strong>verbis</strong></span> <span class='ocrx_word' id='word_1_141' title='bbox 1189 2254 1366 2316; x_wconf 86' lang='lat' dir='ltr'><strong>conmissus</strong></span> <span class='ocrx_word' id='word_1_142' title='bbox 1388 2253 1524 2314; x_wconf 76' lang='lat' dir='ltr'><strong>effecisset</strong></span> <span class='ocrx_word' id='word_1_143' title='bbox 1612 2309 1613 2312; x_wconf 74' lang='grc'>,</span> 
     </span>
     <span class='ocr_line' id='line_1_19' title="bbox 358 2350 1523 2438; baseline 0 -24"><span class='ocrx_word' id='word_1_144' title='bbox 358 2361 393 2414; x_wconf 93' lang='lat' dir='ltr'><strong>ut</strong></span> <span class='ocrx_word' id='word_1_145' title='bbox 415 2352 553 2416; x_wconf 91' lang='lat' dir='ltr'><strong>Orellius</strong></span> <span class='ocrx_word' id='word_1_146' title='bbox 581 2353 613 2414; x_wconf 95' lang='lat' dir='ltr'><strong>in</strong></span> <span class='ocrx_word' id='word_1_147' title='bbox 644 2355 778 2418; x_wconf 87' lang='lat' dir='ltr'><strong>Historia</strong></span> <span class='ocrx_word' id='word_1_148' title='bbox 807 2357 915 2420; x_wconf 87' lang='lat' dir='ltr'><strong>critica</strong></span> <span class='ocrx_word' id='word_1_149' title='bbox 945 2357 1161 2438; x_wconf 86' lang='lat' dir='ltr'><strong>Epistularum</strong></span> <span class='ocrx_word' id='word_1_150' title='bbox 1191 2355 1232 2418; x_wconf 90' lang='lat' dir='ltr'><strong>ad</strong></span> <span class='ocrx_word' id='word_1_151' title='bbox 1263 2354 1433 2416; x_wconf 74' lang='lat' dir='ltr'><strong>familiares</strong></span> <span class='ocrx_word' id='word_1_152' title='bbox 1462 2350 1523 2413; x_wconf 87' lang='lat' dir='ltr'><strong>lalse</strong></span> 
     </span>
     <span class='ocr_line' id='line_1_20' title="bbox 356 2457 820 2546; baseline 0 -30"><span class='ocrx_word' id='word_1_153' title='bbox 356 2457 552 2535; x_wconf 89' lang='lat' dir='ltr'><strong>opinaretur.</strong></span> <span class='ocrx_word' id='word_1_154' title='bbox 811 2529 820 2546; x_wconf 31' lang='grc' dir='ltr'>ι</span> 
     </span>
    </p>

    <p class='ocr_par' dir='ltr' id='par_1_5' title="bbox 352 2555 1612 4184">
     <span class='ocr_line' id='line_1_21' title="bbox 442 2555 1612 2652; baseline -0.002 -33"><span class='ocrx_word' id='word_1_155' title='bbox 442 2559 476 2620; x_wconf 92' lang='lat' dir='ltr'><strong>ln</strong></span> <span class='ocrx_word' id='word_1_156' title='bbox 505 2559 612 2622; x_wconf 92' lang='lat' dir='ltr'><strong>Ovidii</strong></span> <span class='ocrx_word' id='word_1_157' title='bbox 640 2563 929 2643; x_wconf 73' lang='lat' dir='ltr'><strong>Metamorphoseon</strong></span> <span class='ocrx_word' id='word_1_158' title='bbox 958 2580 998 2624; x_wconf 86' lang='lat' dir='ltr'><strong>ru</strong></span> <span class='ocrx_word' id='word_1_159' title='bbox 1028 2561 1103 2625; x_wconf 90' lang='lat' dir='ltr'><strong>inde</strong></span> <span class='ocrx_word' id='word_1_160' title='bbox 1132 2581 1150 2624; x_wconf 91' lang='lat' dir='ltr'><strong>a</strong></span> <span class='ocrx_word' id='word_1_161' title='bbox 1180 2581 1276 2626; x_wconf 90' lang='lat' dir='ltr'><strong>versu</strong></span> <span class='ocrx_word' id='word_1_162' title='bbox 1299 2561 1362 2624; x_wconf 79' lang='lat' dir='ltr'><strong>tta</strong></span> <span class='ocrx_word' id='word_1_163' title='bbox 1392 2561 1422 2620; x_wconf 93' lang='lat' dir='ltr'><strong>in</strong></span> <span class='ocrx_word' id='word_1_164' title='bbox 1448 2555 1524 2620; x_wconf 89' lang='lat' dir='ltr'><strong>libris</strong></span> <span class='ocrx_word' id='word_1_165' title='bbox 1611 2639 1612 2652; x_wconf 10' lang='grc' dir='ltr'>χ</span> 
     </span>
     <span class='ocr_line' id='line_1_22' title="bbox 357 2661 1612 2745; baseline 0.001 -23"><span class='ocrx_word' id='word_1_166' title='bbox 357 2661 433 2723; x_wconf 88' lang='lat' dir='ltr'><strong>haec</strong></span> <span class='ocrx_word' id='word_1_167' title='bbox 456 2661 523 2724; x_wconf 85' lang='lat' dir='ltr'><strong>iere</strong></span> <span class='ocrx_word' id='word_1_168' title='bbox 544 2665 662 2745; x_wconf 83' lang='lat' dir='ltr'><strong>scripta</strong></span> <span class='ocrx_word' id='word_1_169' title='bbox 691 2675 781 2744; x_wconf 88' lang='lat' dir='ltr'><strong>sunt,</strong></span> <span class='ocrx_word' id='word_1_170' title='bbox 814 2667 954 2728; x_wconf 87' lang='lat' dir='ltr'><strong>carmina</strong></span> <span class='ocrx_word' id='word_1_171' title='bbox 983 2665 1111 2727; x_wconf 72' lang='grc' dir='ltr'><em>ααιαάαα</em></span> <span class='ocrx_word' id='word_1_172' title='bbox 1139 2684 1200 2727; x_wconf 89' lang='lat' dir='ltr'><strong>non</strong></span> <span class='ocrx_word' id='word_1_173' title='bbox 1229 2665 1379 2728; x_wconf 80' lang='lat' dir='ltr'><strong>intellectu</strong></span> <span class='ocrx_word' id='word_1_174' title='bbox 1401 2664 1524 2745; x_wconf 77' lang='lat' dir='ltr'><strong>pruma</strong></span> <span class='ocrx_word' id='word_1_175' title='bbox 1611 2663 1612 2672; x_wconf 77' lang='grc'>’</span> 
     </span>
     <span class='ocr_line' id='line_1_23' title="bbox 356 2765 1524 2850; baseline 0.003 -26"><span class='ocrx_word' id='word_1_176' title='bbox 356 2765 496 2826; x_wconf 72' lang='lat' dir='ltr'><strong>Solverat</strong></span> <span class='ocrx_word' id='word_1_177' title='bbox 519 2766 647 2849; x_wconf 76' lang='lat' dir='ltr'><strong>inpeniis</strong></span> <span class='ocrx_word' id='word_1_178' title='bbox 670 2774 699 2830; x_wconf 88' lang='lat' dir='ltr'><strong>et</strong></span> <span class='ocrx_word' id='word_1_179' title='bbox 720 2769 925 2850; x_wconf 75' lang='lat' dir='ltr'><strong>praecipitata</strong></span> <span class='ocrx_word' id='word_1_180' title='bbox 951 2767 1068 2830; x_wconf 84' lang='lat' dir='ltr'><strong>iacebat</strong></span> <span class='ocrx_word' id='word_1_181' title='bbox 1095 2770 1247 2830; x_wconf 79' lang='lat' dir='ltr'><strong>Inmemor</strong></span> <span class='ocrx_word' id='word_1_182' title='bbox 1274 2767 1435 2850; x_wconf 76' lang='lat' dir='ltr'><strong>arabnpun</strong></span> <span class='ocrx_word' id='word_1_183' title='bbox 1455 2769 1524 2824; x_wconf 73' lang='lat' dir='ltr'><strong>ruta</strong></span> 
     </span>
     <span class='ocr_line' id='line_1_24' title="bbox 355 2865 1521 2952; baseline 0.002 -24"><span class='ocrx_word' id='word_1_184' title='bbox 355 2865 486 2930; x_wconf 85' lang='lat' dir='ltr'><strong>obseura</strong></span> <span class='ocrx_word' id='word_1_185' title='bbox 512 2885 654 2933; x_wconf 83' lang='lat' dir='ltr'><strong>suarum.</strong></span> <span class='ocrx_word' id='word_1_186' title='bbox 702 2870 822 2933; x_wconf 81' lang='lat' dir='ltr'><strong>Scilicet</strong></span> <span class='ocrx_word' id='word_1_187' title='bbox 853 2872 936 2933; x_wconf 88' lang='lat' dir='ltr'><strong>olma</strong></span> <span class='ocrx_word' id='word_1_188' title='bbox 969 2870 1092 2934; x_wconf 73' lang='lat' dir='ltr'><strong>thena</strong></span> <span class='ocrx_word' id='word_1_189' title='bbox 1120 2891 1181 2932; x_wconf 91' lang='lat' dir='ltr'><strong>non</strong></span> <span class='ocrx_word' id='word_1_190' title='bbox 1208 2871 1284 2934; x_wconf 85' lang='lat' dir='ltr'><strong>talia</strong></span> <span class='ocrx_word' id='word_1_191' title='bbox 1312 2871 1402 2952; x_wconf 79' lang='lat' dir='ltr'><strong>liquit</strong></span> <span class='ocrx_word' id='word_1_192' title='bbox 1428 2865 1521 2929; x_wconf 75' lang='lat' dir='ltr'><strong>iauhu</strong></span> 
     </span>
     <span class='ocr_line' id='line_1_25' title="bbox 358 2965 1611 3060; baseline -0.003 -30"><span class='ocrx_word' id='word_1_193' title='bbox 358 2970 499 3031; x_wconf 82' lang='lat' dir='ltr'><strong>Protinus</strong></span> <span class='ocrx_word' id='word_1_194' title='bbox 526 2968 632 3035; x_wconf 76' lang='lat' dir='ltr'><strong>Aoniis</strong></span> <span class='ocrx_word' id='word_1_195' title='bbox 662 2974 824 3035; x_wconf 77' lang='lat' dir='ltr'><strong>inmittitur</strong></span> <span class='ocrx_word' id='word_1_196' title='bbox 852 2973 952 3036; x_wconf 88' lang='lat' dir='ltr'><strong>altera</strong></span> <span class='ocrx_word' id='word_1_197' title='bbox 984 2973 1087 3036; x_wconf 82' lang='lat' dir='ltr'><strong>Thebis</strong></span> <span class='ocrx_word' id='word_1_198' title='bbox 1119 2975 1225 3037; x_wconf 82' lang='lat' dir='ltr'><strong>Pestis.</strong></span> <span class='ocrx_word' id='word_1_199' title='bbox 1271 2991 1335 3035; x_wconf 90' lang='lat' dir='ltr'><strong>non</strong></span> <span class='ocrx_word' id='word_1_200' title='bbox 1365 2971 1440 3036; x_wconf 91' lang='lat' dir='ltr'><strong>nulli</strong></span> <span class='ocrx_word' id='word_1_201' title='bbox 1462 2965 1522 3030; x_wconf 90' lang='lat' dir='ltr'><strong>libri</strong></span> <span class='ocrx_word' id='word_1_202' title='bbox 1610 3049 1611 3060; x_wconf 9' lang='grc' dir='ltr'>ἵ</span> 
     </span>
     <span class='ocr_line' id='line_1_26' title="bbox 355 3061 1611 3154; baseline -0.005 -18"><span class='ocrx_word' id='word_1_203' title='bbox 355 3077 502 3137; x_wconf 69' lang='lat' dir='ltr'><strong>nandum</strong></span> <span class='ocrx_word' id='word_1_204' title='bbox 525 3074 653 3154; x_wconf 86' lang='lat' dir='ltr'><strong>habent,</strong></span> <span class='ocrx_word' id='word_1_205' title='bbox 679 3093 742 3136; x_wconf 90' lang='lat' dir='ltr'><strong>nou</strong></span> <span class='ocrx_word' id='word_1_206' title='bbox 765 3076 845 3137; x_wconf 91' lang='lat' dir='ltr'><strong>nulli</strong></span> <span class='ocrx_word' id='word_1_207' title='bbox 866 3077 1013 3152; x_wconf 84' lang='lat' dir='ltr'><strong>solvitur,</strong></span> <span class='ocrx_word' id='word_1_208' title='bbox 1045 3076 1097 3137; x_wconf 91' lang='lat' dir='ltr'><strong>alii</strong></span> <span class='ocrx_word' id='word_1_209' title='bbox 1121 3077 1254 3140; x_wconf 84' lang='lat' dir='ltr'><strong>solvunt.</strong></span> <span class='ocrx_word' id='word_1_210' title='bbox 1301 3075 1429 3137; x_wconf 87' lang='lat' dir='ltr'><strong>sustulit</strong></span> <span class='ocrx_word' id='word_1_211' title='bbox 1454 3069 1522 3132; x_wconf 85' lang='lat' dir='ltr'><strong>anti·</strong></span> <span class='ocrx_word' id='word_1_212' title='bbox 1610 3061 1611 3072; x_wconf 72' lang='grc'>’</span> 
     </span>
     <span class='ocr_line' id='line_1_27' title="bbox 355 3176 1523 3259; baseline -0.006 -17"><span class='ocrx_word' id='word_1_213' title='bbox 355 3197 453 3259; x_wconf 90' lang='lat' dir='ltr'><strong>quum</strong></span> <span class='ocrx_word' id='word_1_214' title='bbox 476 3179 589 3240; x_wconf 90' lang='lat' dir='ltr'><strong>vitium</strong></span> <span class='ocrx_word' id='word_1_215' title='bbox 612 3176 741 3239; x_wconf 89' lang='lat' dir='ltr'><strong>lacobus</strong></span> <span class='ocrx_word' id='word_1_216' title='bbox 763 3178 946 3255; x_wconf 88' lang='lat' dir='ltr'><strong>Taurellus,</strong></span> <span class='ocrx_word' id='word_1_217' title='bbox 972 3180 1027 3258; x_wconf 89' lang='lat' dir='ltr'><strong>qui</strong></span> <span class='ocrx_word' id='word_1_218' title='bbox 1049 3179 1177 3240; x_wconf 79' lang='lat' dir='ltr'><strong>naiades</strong></span> <span class='ocrx_word' id='word_1_219' title='bbox 1205 3181 1237 3239; x_wconf 94' lang='lat' dir='ltr'><strong>in</strong></span> <span class='ocrx_word' id='word_1_220' title='bbox 1261 3177 1393 3241; x_wconf 76' lang='lat' dir='ltr'><strong>Laiades</strong></span> <span class='ocrx_word' id='word_1_221' title='bbox 1415 3185 1523 3238; x_wconf 81' lang='lat' dir='ltr'><strong>mutan·</strong></span> 
     </span>
     <span class='ocr_line' id='line_1_28' title="bbox 355 3279 1523 3361; baseline -0.005 -19"><span class='ocrx_word' id='word_1_222' title='bbox 355 3281 430 3343; x_wconf 88' lang='lat' dir='ltr'><strong>dum</strong></span> <span class='ocrx_word' id='word_1_223' title='bbox 455 3299 524 3343; x_wconf 89' lang='lat' dir='ltr'><strong>essa</strong></span> <span class='ocrx_word' id='word_1_224' title='bbox 548 3280 714 3343; x_wconf 83' lang='lat' dir='ltr'><strong>intellexit.</strong></span> <span class='ocrx_word' id='word_1_225' title='bbox 762 3299 843 3361; x_wconf 88' lang='lat' dir='ltr'><strong>quae</strong></span> <span class='ocrx_word' id='word_1_226' title='bbox 866 3279 983 3343; x_wconf 87' lang='lat' dir='ltr'><strong>deinde</strong></span> <span class='ocrx_word' id='word_1_227' title='bbox 1012 3280 1053 3343; x_wconf 94' lang='lat' dir='ltr'><strong>de</strong></span> <span class='ocrx_word' id='word_1_228' title='bbox 1076 3281 1227 3344; x_wconf 88' lang='lat' dir='ltr'><strong>Themide</strong></span> <span class='ocrx_word' id='word_1_229' title='bbox 1258 3280 1410 3343; x_wconf 89' lang='lat' dir='ltr'><strong>dicuutur</strong></span> <span class='ocrx_word' id='word_1_230' title='bbox 1431 3281 1523 3358; x_wconf 86' lang='lat' dir='ltr'><strong>inepta</strong></span> 
     </span>
     <span class='ocr_line' id='line_1_29' title="bbox 354 3382 1610 3480; baseline -0.006 -34"><span class='ocrx_word' id='word_1_231' title='bbox 354 3394 428 3446; x_wconf 90' lang='lat' dir='ltr'><strong>sunt</strong></span> <span class='ocrx_word' id='word_1_232' title='bbox 450 3402 555 3463; x_wconf 87' lang='lat' dir='ltr'><strong>neque</strong></span> <span class='ocrx_word' id='word_1_233' title='bbox 585 3402 656 3446; x_wconf 88' lang='lat' dir='ltr'><strong>oum</strong></span> <span class='ocrx_word' id='word_1_234' title='bbox 686 3384 848 3444; x_wconf 90' lang='lat' dir='ltr'><strong>notissima</strong></span> <span class='ocrx_word' id='word_1_235' title='bbox 871 3382 977 3445; x_wconf 82' lang='lat' dir='ltr'><strong>fabula</strong></span> <span class='ocrx_word' id='word_1_236' title='bbox 1006 3395 1201 3464; x_wconf 80' lang='lat' dir='ltr'><strong>congruunt:</strong></span> <span class='ocrx_word' id='word_1_237' title='bbox 1235 3393 1319 3446; x_wconf 89' lang='lat' dir='ltr'><strong>reate</strong></span> <span class='ocrx_word' id='word_1_238' title='bbox 1349 3384 1442 3446; x_wconf 84' lang='lat' dir='ltr'><strong>istum</strong></span> <span class='ocrx_word' id='word_1_239' title='bbox 1463 3397 1523 3440; x_wconf 73' lang='lat' dir='ltr'><strong>ver</strong></span> <span class='ocrx_word' id='word_1_240' title='bbox 1609 3389 1610 3480; x_wconf 42' lang='lat' dir='ltr'><strong>p</strong></span> 
     </span>
     <span class='ocr_line' id='line_1_30' title="bbox 354 3483 1522 3568; baseline -0.003 -19"><span class='ocrx_word' id='word_1_241' title='bbox 354 3507 434 3566; x_wconf 84' lang='lat' dir='ltr'><strong>sum,</strong></span> <span class='ocrx_word' id='word_1_242' title='bbox 460 3488 515 3568; x_wconf 89' lang='lat' dir='ltr'><strong>qui</strong></span> <span class='ocrx_word' id='word_1_243' title='bbox 538 3485 667 3548; x_wconf 92' lang='lat' dir='ltr'><strong>additus</strong></span> <span class='ocrx_word' id='word_1_244' title='bbox 690 3496 737 3548; x_wconf 93' lang='lat' dir='ltr'><strong>est</strong></span> <span class='ocrx_word' id='word_1_245' title='bbox 759 3497 924 3568; x_wconf 86' lang='lat' dir='ltr'><strong>postquam</strong></span> <span class='ocrx_word' id='word_1_246' title='bbox 946 3488 1059 3548; x_wconf 87' lang='lat' dir='ltr'><strong>vitium</strong></span> <span class='ocrx_word' id='word_1_247' title='bbox 1082 3488 1163 3549; x_wconf 87' lang='lat' dir='ltr'><strong>hanc</strong></span> <span class='ocrx_word' id='word_1_248' title='bbox 1191 3488 1405 3548; x_wconf 87' lang='lat' dir='ltr'><strong>narrationem</strong></span> <span class='ocrx_word' id='word_1_249' title='bbox 1426 3483 1522 3546; x_wconf 83' lang='lat' dir='ltr'><strong>obseu-</strong></span> 
     </span>
     <span class='ocr_line' id='line_1_31' title="bbox 354 3589 1522 3670; baseline 0 -18"><span class='ocrx_word' id='word_1_250' title='bbox 354 3593 446 3669; x_wconf 87' lang='lat' dir='ltr'><strong>ravit‚</strong></span> <span class='ocrx_word' id='word_1_251' title='bbox 471 3590 641 3652; x_wconf 82' lang='lat' dir='ltr'><strong>Merkelius</strong></span> <span class='ocrx_word' id='word_1_252' title='bbox 664 3590 808 3653; x_wconf 85' lang='lat' dir='ltr'><strong>removit.</strong></span> <span class='ocrx_word' id='word_1_253' title='bbox 856 3589 1020 3670; x_wconf 87' lang='lat' dir='ltr'><strong>depravati</strong></span> <span class='ocrx_word' id='word_1_254' title='bbox 1044 3599 1075 3652; x_wconf 93' lang='lat' dir='ltr'><strong>et</strong></span> <span class='ocrx_word' id='word_1_255' title='bbox 1099 3591 1179 3651; x_wconf 88' lang='lat' dir='ltr'><strong>male</strong></span> <span class='ocrx_word' id='word_1_256' title='bbox 1201 3591 1285 3652; x_wconf 85' lang='lat' dir='ltr'><strong>aucti</strong></span> <span class='ocrx_word' id='word_1_257' title='bbox 1305 3607 1419 3652; x_wconf 83' lang='lat' dir='ltr'><strong>versus</strong></span> <span class='ocrx_word' id='word_1_258' title='bbox 1438 3603 1522 3668; x_wconf 76' lang='lat' dir='ltr'><strong>pepe·</strong></span> 
     </span>
     <span class='ocr_line' id='line_1_32' title="bbox 355 3687 1522 3773; baseline -0.009 -18"><span class='ocrx_word' id='word_1_259' title='bbox 355 3703 466 3755; x_wconf 88' lang='lat' dir='ltr'><strong>rerunt</strong></span> <span class='ocrx_word' id='word_1_260' title='bbox 490 3693 639 3753; x_wconf 85' lang='lat' dir='ltr'><strong>mirificas</strong></span> <span class='ocrx_word' id='word_1_261' title='bbox 653 3693 861 3771; x_wconf 89' lang='lat' dir='ltr'><strong>opinationes,</strong></span> <span class='ocrx_word' id='word_1_262' title='bbox 887 3711 967 3773; x_wconf 90' lang='lat' dir='ltr'><strong>quas</strong></span> <span class='ocrx_word' id='word_1_263' title='bbox 990 3694 1140 3773; x_wconf 78' lang='lat' dir='ltr'><strong>evulgare</strong></span> <span class='ocrx_word' id='word_1_264' title='bbox 1156 3711 1219 3754; x_wconf 90' lang='lat' dir='ltr'><strong>nou</strong></span> <span class='ocrx_word' id='word_1_265' title='bbox 1235 3693 1329 3772; x_wconf 89' lang='lat' dir='ltr'><strong>plane</strong></span> <span class='ocrx_word' id='word_1_266' title='bbox 1353 3692 1460 3754; x_wconf 91' lang='lat' dir='ltr'><strong>inutile</strong></span> <span class='ocrx_word' id='word_1_267' title='bbox 1473 3687 1522 3748; x_wconf 88' lang='lat' dir='ltr'><strong>erit</strong></span> 
     </span>
     <span class='ocr_line' id='line_1_33' title="bbox 352 3747 1609 3876; baseline -0.007 -19"><span class='ocrx_word' id='word_1_268' title='bbox 352 3796 393 3859; x_wconf 86' lang='lat' dir='ltr'><strong>ad</strong></span> <span class='ocrx_word' id='word_1_269' title='bbox 415 3793 662 3876; x_wconf 79' lang='lat' dir='ltr'><strong>cognoscendam</strong></span> <span class='ocrx_word' id='word_1_270' title='bbox 687 3795 839 3856; x_wconf 90' lang='lat' dir='ltr'><strong>rationem</strong></span> <span class='ocrx_word' id='word_1_271' title='bbox 864 3813 924 3876; x_wconf 90' lang='lat' dir='ltr'><strong>qua</strong></span> <span class='ocrx_word' id='word_1_272' title='bbox 949 3795 1052 3858; x_wconf 92' lang='lat' dir='ltr'><strong>rnedio</strong></span> <span class='ocrx_word' id='word_1_273' title='bbox 1075 3795 1160 3876; x_wconf 90' lang='lat' dir='ltr'><strong>quod</strong></span> <span class='ocrx_word' id='word_1_274' title='bbox 1182 3796 1301 3859; x_wconf 88' lang='lat' dir='ltr'><strong>dicitur</strong></span> <span class='ocrx_word' id='word_1_275' title='bbox 1321 3813 1400 3857; x_wconf 86' lang='lat' dir='ltr'><strong>aevo</strong></span> <span class='ocrx_word' id='word_1_276' title='bbox 1415 3795 1522 3855; x_wconf 85' lang='lat' dir='ltr'><strong>litterae</strong></span> <span class='ocrx_word' id='word_1_277' title='bbox 1607 3747 1609 3840; x_wconf 70' lang='lat' dir='ltr'><strong>i</strong></span> 
     </span>
     <span class='ocr_line' id='line_1_34' title="bbox 353 3894 1609 3980; baseline -0.006 -20"><span class='ocrx_word' id='word_1_278' title='bbox 353 3901 501 3980; x_wconf 86' lang='lat' dir='ltr'><strong>autiquae</strong></span> <span class='ocrx_word' id='word_1_279' title='bbox 535 3896 763 3960; x_wconf 86' lang='lat' dir='ltr'><strong>tractabantur.</strong></span> <span class='ocrx_word' id='word_1_280' title='bbox 810 3897 906 3960; x_wconf 85' lang='lat' dir='ltr'><strong>codex</strong></span> <span class='ocrx_word' id='word_1_281' title='bbox 935 3899 1129 3960; x_wconf 89' lang='lat' dir='ltr'><strong>llouaoensis</strong></span> <span class='ocrx_word' id='word_1_282' title='bbox 1163 3901 1292 3962; x_wconf 87' lang='lat' dir='ltr'><strong>Latinus</strong></span> <span class='ocrx_word' id='word_1_283' title='bbox 1325 3898 1430 3974; x_wconf 81' lang='lat' dir='ltr'><strong>tato,</strong></span> <span class='ocrx_word' id='word_1_284' title='bbox 1461 3894 1521 3954; x_wconf 89' lang='lat' dir='ltr'><strong>olim</strong></span> <span class='ocrx_word' id='word_1_285' title='bbox 1608 3905 1609 3932; x_wconf 50' lang='lat' dir='ltr'><strong>t</strong></span> 
     </span>
     <span class='ocr_line' id='line_1_35' title="bbox 353 3999 1522 4081; baseline -0.008 -19"><span class='ocrx_word' id='word_1_286' title='bbox 353 4000 684 4078; x_wconf 82' lang='lat' dir='ltr'><strong>benedictoburanus,</strong></span> <span class='ocrx_word' id='word_1_287' title='bbox 721 4011 790 4081; x_wconf 89' lang='lat' dir='ltr'><strong>post</strong></span> <span class='ocrx_word' id='word_1_288' title='bbox 820 4001 935 4062; x_wconf 86' lang='lat' dir='ltr'><strong>scholia</strong></span> <span class='ocrx_word' id='word_1_289' title='bbox 965 4001 998 4062; x_wconf 91' lang='lat' dir='ltr'><strong>in</strong></span> <span class='ocrx_word' id='word_1_290' title='bbox 1033 4003 1146 4063; x_wconf 87' lang='lat' dir='ltr'><strong>Lucani</strong></span> <span class='ocrx_word' id='word_1_291' title='bbox 1176 4001 1368 4063; x_wconf 87' lang='lat' dir='ltr'><strong>Pharsaliam</strong></span> <span class='ocrx_word' id='word_1_292' title='bbox 1401 3999 1522 4061; x_wconf 88' lang='lat' dir='ltr'><strong>continet</strong></span> 
     </span>
     <span class='ocr_line' id='line_1_36' title="bbox 353 4095 1523 4184; baseline -0.003 -19"><span class='ocrx_word' id='word_1_293' title='bbox 353 4104 579 4184; x_wconf 86' lang='lat' dir='ltr'><strong>explicationes</strong></span> <span class='ocrx_word' id='word_1_294' title='bbox 607 4104 895 4184; x_wconf 82' lang='lat' dir='ltr'><strong>Metamorphesaon</strong></span> <span class='ocrx_word' id='word_1_295' title='bbox 919 4101 1044 4181; x_wconf 86' lang='lat' dir='ltr'><strong>Ovidii,</strong></span> <span class='ocrx_word' id='word_1_296' title='bbox 1076 4121 1158 4184; x_wconf 88' lang='lat' dir='ltr'><strong>quae</strong></span> <span class='ocrx_word' id='word_1_297' title='bbox 1186 4104 1258 4165; x_wconf 87' lang='lat' dir='ltr'><strong>aliis</strong></span> <span class='ocrx_word' id='word_1_298' title='bbox 1286 4103 1411 4166; x_wconf 86' lang='lat' dir='ltr'><strong>saeculo</strong></span> <span class='ocrx_word' id='word_1_299' title='bbox 1436 4095 1523 4164; x_wconf 86' lang='lat' dir='ltr'><strong>unde·</strong></span> 
     </span>
    </p>
   </div>
   <div class='ocr_carea' id='block_1_3' title="bbox 296 4203 1522 4596">
    <p class='ocr_par' dir='ltr' id='par_1_6' title="bbox 296 4203 1522 4596">
     <span class='ocr_line' id='line_1_37' title="bbox 353 4203 1522 4285; baseline -0.005 -19"><span class='ocrx_word' id='word_1_300' title='bbox 353 4207 445 4283; x_wconf 84' lang='lat' dir='ltr'><strong>rimo,</strong></span> <span class='ocrx_word' id='word_1_301' title='bbox 471 4206 550 4268; x_wconf 88' lang='lat' dir='ltr'><strong>mlhi</strong></span> <span class='ocrx_word' id='word_1_302' title='bbox 580 4205 766 4268; x_wconf 89' lang='lat' dir='ltr'><strong>duodecimo</strong></span> <span class='ocrx_word' id='word_1_303' title='bbox 795 4207 932 4285; x_wconf 90' lang='lat' dir='ltr'><strong>scriptae</strong></span> <span class='ocrx_word' id='word_1_304' title='bbox 965 4225 1035 4268; x_wconf 89' lang='lat' dir='ltr'><strong>esse</strong></span> <span class='ocrx_word' id='word_1_305' title='bbox 1058 4206 1221 4268; x_wconf 86' lang='lat' dir='ltr'><strong>videntur.</strong></span> <span class='ocrx_word' id='word_1_306' title='bbox 1268 4207 1301 4267; x_wconf 92' lang='lat' dir='ltr'><strong>in</strong></span> <span class='ocrx_word' id='word_1_307' title='bbox 1330 4208 1378 4268; x_wconf 90' lang='lat' dir='ltr'><strong>eis</strong></span> <span class='ocrx_word' id='word_1_308' title='bbox 1400 4203 1522 4285; x_wconf 81' lang='lat' dir='ltr'><strong>explica-</strong></span> 
     </span>
     <span class='ocr_line' id='line_1_38' title="bbox 353 4304 1520 4389; baseline 0 -21"><span class='ocrx_word' id='word_1_309' title='bbox 353 4305 492 4370; x_wconf 89' lang='lat' dir='ltr'><strong>tionibus</strong></span> <span class='ocrx_word' id='word_1_310' title='bbox 527 4309 605 4370; x_wconf 89' lang='lat' dir='ltr'><strong>haec</strong></span> <span class='ocrx_word' id='word_1_311' title='bbox 638 4309 787 4389; x_wconf 77' lang='lat' dir='ltr'><strong>leguntur</strong></span> <span class='ocrx_word' id='word_1_312' title='bbox 819 4329 852 4389; x_wconf 89' lang='lat' dir='ltr'><strong>p.</strong></span> <span class='ocrx_word' id='word_1_313' title='bbox 885 4307 961 4386; x_wconf 75' lang='lat'><strong>70⁸,</strong></span> <span class='ocrx_word' id='word_1_314' title='bbox 999 4309 1147 4370; x_wconf 79' lang='lat' dir='ltr'><strong>Carmina</strong></span> <span class='ocrx_word' id='word_1_315' title='bbox 1182 4309 1322 4372; x_wconf 63' lang='lat' dir='ltr'><strong>nanda.</strong></span> <span class='ocrx_word' id='word_1_316' title='bbox 1375 4304 1520 4371; x_wconf 74' lang='lat' dir='ltr'><strong>swundtn</strong></span> 
     </span>
     <span class='ocr_line' id='line_1_39' title="bbox 353 4409 1519 4496; baseline -0.004 -24"><span class='ocrx_word' id='word_1_317' title='bbox 353 4410 569 4494; x_wconf 75' lang='lat' dir='ltr'><strong>Monapaldum</strong></span> <span class='ocrx_word' id='word_1_318' title='bbox 596 4413 699 4472; x_wconf 84' lang='lat' dir='ltr'><strong>Diana</strong></span> <span class='ocrx_word' id='word_1_319' title='bbox 728 4409 846 4491; x_wconf 65' lang='lat' dir='ltr'><strong>sacrat</strong></span> <span class='ocrx_word' id='word_1_320' title='bbox 876 4411 1026 4493; x_wconf 72' lang='lat' dir='ltr'><strong>praedam</strong></span> <span class='ocrx_word' id='word_1_321' title='bbox 1061 4415 1202 4474; x_wconf 86' lang='lat' dir='ltr'><strong>earmina</strong></span> <span class='ocrx_word' id='word_1_322' title='bbox 1230 4411 1391 4496; x_wconf 61' lang='lat' dir='ltr'><strong>anabau,</strong></span> <span class='ocrx_word' id='word_1_323' title='bbox 1426 4409 1519 4470; x_wconf 84' lang='lat' dir='ltr'><strong>‘alteru</strong></span> 
     </span>
     <span class='ocr_line' id='line_1_40' title="bbox 296 4501 1520 4596; baseline 0.002 -22"><span class='ocrx_word' id='word_1_324' title='bbox 296 4537 339 4584; x_wconf 72' lang='lat' dir='ltr'><strong>rar</strong></span> <span class='ocrx_word' id='word_1_325' title='bbox 353 4501 515 4590; x_wconf 79' lang='lat' dir='ltr'><strong>‹olte&#39;ram,&#39;</strong></span> <span class='ocrx_word' id='word_1_326' title='bbox 540 4515 653 4576; x_wconf 87' lang='lat' dir='ltr'><strong>scilicet</strong></span> <span class='ocrx_word' id='word_1_327' title='bbox 680 4515 791 4596; x_wconf 76' lang='lat' dir='ltr'><strong>sapiltn</strong></span> <span class='ocrx_word' id='word_1_328' title='bbox 823 4531 972 4592; x_wconf 76' lang='grc' dir='ltr'><strong>αωανααι,</strong></span> <span class='ocrx_word' id='word_1_329' title='bbox 1007 4514 1097 4576; x_wconf 89' lang='lat' dir='ltr'><strong>‘alter</strong></span> <span class='ocrx_word' id='word_1_330' title='bbox 1124 4515 1157 4576; x_wconf 87' lang='lat' dir='ltr'><strong>ia</strong></span> <span class='ocrx_word' id='word_1_331' title='bbox 1185 4515 1342 4596; x_wconf 54' lang='lat' dir='ltr'><strong>nmen:</strong></span> <span class='ocrx_word' id='word_1_332' title='bbox 1373 4515 1453 4577; x_wconf 73' lang='lat' dir='ltr'><strong>caan</strong></span> <span class='ocrx_word' id='word_1_333' title='bbox 1472 4501 1520 4570; x_wconf 71' lang='lat' dir='ltr'><strong>att</strong></span> 
     </span>
    </p>
   </div>
   <div class='ocr_carea' id='block_1_4' title="bbox 0 0 1630 5130">
    <p class='ocr_par' dir='ltr' id='par_1_7' title="bbox 0 0 1630 5130">
     <span class='ocr_line' id='line_1_41' title="bbox 0 0 1630 5130; baseline 0 2"><span class='ocrx_word' id='word_1_334' title='bbox 0 0 1630 5130; x_wconf 95' lang='lat' dir='ltr'><strong> </strong></span> 
     </span>
    </p>
   </div>
  </div>
 </body>
</html>
