3156 5132
363 419 437 492 354
753 437 797 496 Ex
820 454 916 498 annui
938 437 1148 498 Banonrnnusr.

362 625 551 706 praesertim
575 625 607 686 in
631 625 757 690 scholiis
778 623 999 707 similibusque
1022 624 1125 706 libris,
1150 626 1229 687 hacc
1251 626 1313 688 tria
1329 624 1427 687 verba
1447 623 1520 686 scribi

362 729 494 792 soleant.

450 833 516 894 Non
546 831 652 894 minus
679 839 764 894 certa
793 831 1015 895 emendatione
1037 832 1097 894 elia
1120 833 1235 914 corrigi
1258 842 1393 914 possunt
1413 832 1523 912 quaein

364 935 414 996 his
443 935 571 997 scholiis
598 934 771 1016 depravata
800 945 892 998 sunt:
926 938 1020 998 immo
1049 945 1220 1016 antequam
1242 955 1284 997 ex
1305 935 1443 998 Parisino
1463 933 1524 996 libro

305 1049 354 1094 tot
365 1038 468 1100 omnia
492 1025 673 1100 ede'rentur
695 1037 851 1119 quaedam
875 1039 908 1101 in
928 1040 974 1101 eis
990 1040 1164 1102 rectissime
1182 1048 1272 1101 erant
1287 1038 1524 1116 emendataque

364 1151 471 1222 postea
501 1142 569 1204 sine
598 1142 777 1222 suspicione
800 1140 930 1204 dimisse
953 1161 1023 1204 esse
1047 1144 1155 1205 miror.
1202 1163 1234 1224 p.
1256 1143 1314 1203 443
1333 1144 1375 1204 26
1398 1159 1526 1203 memora-

363 1245 429 1307 bile
453 1246 569 1326 legitur
592 1246 796 1327 epigramma,

520 1341 673 1432 Μνήμοτιι
694 1343 745 1412 καὶ
767 1342 889 1433 Φρηνός
911 1373 943 1412 τε
964 1345 1016 1413 xci
1038 1344 1178 1413 ἀντιθέου
1202 1343 1385 1434 Μυνιρήνου

569 1447 621 1514 καὶ
642 1448 761 1524 Χέοπος
783 1448 913 1516 κατιδὼν
937 1447 1073 1537 Μάξιμος
1095 1446 1262 1538 ἣγεοόρην.

365 1554 570 1617 scribendum
600 1575 670 1618 esse
694 1549 847 1640 Μνήροιτα
870 1550 1029 1642 Κιφρῆνός
1058 1579 1090 1620 τι
1120 1566 1233 1638 sponte
1263 1554 1415 1638 adparet,
1445 1572 1527 1633 neque

366 1658 446 1739 fugit
467 1658 629 1721 Osannum
654 1659 730 1740 Syll.
766 1661 861 1722 inser.
886 1680 918 1741 p.
938 1661 1013 1722 443.
1046 1659 1129 1722 idem
1161 1659 1241 1722 vidit
1263 1659 1449 1724 Letronnius
1472 1657 1527 1735 (lte-

366 1763 470 1845 looqes
493 1761 675 1824 d'e'rodition
697 1770 724 1826 et
739 1762 776 1825 de
790 1766 917 1848 critique
931 1763 1095 1846 historiqoo
1118 1784 1151 1846 p.
1171 1762 1258 1846 442),
1283 1781 1391 1844 neque
1408 1763 1433 1822 is
1447 1761 1528 1822 minus

366 1875 453 1926 recte
474 1859 635 1950 ἠρασάμην
659 1867 796 1946 scripsit.
844 1868 904 1929 alia
928 1877 959 1928 et
982 1887 1040 1948 per
1062 1885 1097 1928 se
1120 1866 1203 1928 facili
1226 1884 1322 1948 opera
1344 1863 1529 1927 emendantur
1559 1939 1560 1944 φ

367 1978 399 2031 et
421 1977 525 2052 potest
547 1967 724 2032 emendatio
748 1969 822 2032 inde
845 1971 927 2032 sumi
951 1970 1037 2033 unde
1061 1969 1201 2033 scholion
1224 1979 1388 2051 sumptum
1410 1977 1463 2030 est.
1499 1964 1527 2026 d

110 2133 117 2150 ,
367 2070 441 2134 ludo
464 2069 683 2156 quipoetico
705 2072 875 2136 dicebatur
896 2073 974 2135 haec
996 2075 1113 2154 scripta
1136 2083 1265 2195 suntp.
1286 2073 1398 2152 i359,
1428 2045 1560 2152 όνόρι

239 2155 246 2184 ’“
368 2196 436 2238 οτιιι
458 2166 530 2238 δὲ
513 2198 533 2259 η
558 2169 615 2238 dard
637 2173 804 2242 Φαινίνδου
825 2180 878 2241 τοῦ
900 2170 1021 2262 πρώτου
1036 2168 1208 2248 εἰπόντος
1191 2170 1286 2260 ηόιπό
1303 2199 1358 2239 του
1337 2171 1560 2286 φενακίζειν

368 2278 573 2343 scribendum
596 2298 666 2341 esse
689 2272 827 2363 εὑρόντος
849 2280 939 2342 facile
964 2289 1032 2342 erat
1055 2279 1184 2341 videre:
1215 2280 1270 2360 qui
1292 2289 1401 2341 tamen
1423 2297 1477 2340 non
1494 2267 1560 2334 ri

369 2382 461 2447 deret
483 2391 606 2463 poterat
627 2381 713 2462 apud
729 2383 885 2446 Pollucem
908 2403 938 2446 ιι
955 2383 1014 2444 405
1039 2384 1199 2462 invenire,
1224 2403 1325 2463 aquo
1340 2385 1526 2458 hnecsumpta

369 2495 454 2550 sunt.
501 2484 541 2548 ab
571 2485 682 2548 eodem
713 2487 836 2549 Polluce
865 2504 894 2549 ιν
921 2487 980 2550 tis
1012 2487 1111 2568 petita
1142 2495 1217 2548 sunt
1246 2503 1329 2565 quae
1361 2507 1394 2566 p.
1419 2485 1456 2546 ts
1476 2483 1524 2543 bs
1559 2537 1560 2568 φ

370 2591 531 2671 leguntur,
1559 2639 1560 2686 ρ

455 2693 530 2756 ΝοΙο
555 2693 706 2774 persequi
728 2693 769 2754 ed
792 2711 871 2773 quos
892 2701 1038 2756 auctores
1059 2709 1134 2772 pars
1156 2691 1269 2754 horum
1290 2692 1476 2754 scholiorum
1495 2707 1523 2748 re
1559 2751 1560 2764 p

371 2795 504 2860 ferenda
525 2798 584 2858 sit:
611 2804 658 2858 est
679 2796 764 2858 enim
788 2814 841 2857 res
864 2796 980 2876 partim
1003 2796 1133 2857 minime
1156 2793 1302 2874 obscura,
1328 2796 1442 2877 partim
1462 2792 1526 2854 deca

371 2902 448 2964 alias
470 2919 532 2963 non
556 2899 641 2962 nulla
665 2897 796 2962 tortasse
819 2897 999 2981 disputabo.
1046 2899 1099 2962 hic
1119 2918 1221 2961 unum
1242 2909 1366 2962 tantum
1386 2898 1527 2981 proteram
1559 2917 1560 2948 2

372 3006 521 3084 quoniam
550 3002 669 3065 addere
701 3021 792 3084 posse
823 3002 900 3064 mibi
923 3001 1037 3066 videor
1058 3002 1140 3065 scitu
1162 3020 1225 3064 non
1249 3002 1385 3066 inutilia.
1431 3001 1528 3079 lengun

373 3105 451 3170 illud
480 3107 620 3170 scholion
649 3105 735 3186 quod
763 3126 796 3186 p.
816 3107 855 3168 94
873 3107 942 3168 9ss.
975 3105 1093 3188 legitur
1120 3114 1283 3187 sumptum
1311 3115 1359 3167 est
1389 3124 1429 3166 cx
1455 3099 1528 3162 Photii

372 3209 563 3274 bibliotheca
586 3229 618 3292 p.
637 3209 715 3272 324⁸
730 3209 822 3272 diss.
847 3209 948 3272 Beki.
981 3209 1102 3291 pariter
1132 3227 1214 3290 quae
1237 3229 1269 3290 p.
1291 3209 1349 3270 444
1370 3209 1455 3269 lllss.
1476 3219 1530 3266 nar·

256 3383 262 3398 ¹
373 3323 485 3379 rantur
500 3313 598 3375 Photii
622 3322 696 3375 sunt
718 3332 750 3392 p.
768 3306 846 3376 bibl
861 3313 967 3391 hose,
992 3321 1117 3394 sumpta
1140 3311 1192 3374 illa
1207 3331 1249 3374 ex
1264 3310 1398 3374 Helladii
1412 3327 1531 3394 προγρα-

372 3413 438 3499 τείφ
458 3413 719 3502 χρηστοραθιιῶν.
762 3417 928 3496 excerpsit
951 3426 1056 3479 autem
1072 3415 1199 3478 Photius
1222 3415 1265 3476 ita
1279 3423 1315 3478 ut
1330 3411 1531 3476 versiculorum

373 3519 506 3584 Helladii
528 3518 678 3599 iormam,
704 3517 970 3600 quemadmodum
993 3520 1122 3601 saepius
1144 3516 1231 3604 lecit,
1256 3537 1297 3580 ex
1320 3527 1407 3599 parte
1427 3529 1531 3577 conser-

374 3631 473 3684 varet.
521 3622 627 3703 itaque
650 3640 713 3683 non
736 3630 857 3684 temere
879 3622 973 3703 plane
997 3641 1102 3704 neque
1124 3621 1241 3684 [rostra
1256 3621 1359 3684 iecere
1375 3619 1403 3684 si
1417 3613 1530 3682 metere

374 3744 486 3790 versus
509 3727 690 3805 restituero,

570 3822 620 3892 ἐπ’
647 3820 741 3912 ἐξόδιρ
762 3823 905 3894 κόπτουσι
924 3823 1008 3914 παρὰ
1029 3826 1090 3900 τοῖς
1111 3825 1256 3912 κωμικοῖς

572 3925 666 4018 helpo<
688 3924 765 3998 διότι
785 3924 844 4017 οόχ
866 3925 908 4004 ὡς
928 3926 1000 4017 παρ’
1027 3925 1098 4017 ἡμῖν
1123 3929 1154 3994 ol
1176 3923 1270 4015 θόραι

573 4029 607 4100 τό
628 4029 757 4100 παλαιὸν
781 4024 923 4121 ὤρνυντ’,
949 4029 1020 4098 ἀλλ’
1045 4033 1170 4120 ἐναντίῳ
1190 4026 1302 4120 τρόπῳ.

571 4137 629 4212 ἔξω
649 4135 708 4225 γὰρ
731 4132 823 4209 πότὰς
845 4132 1058 4223 ἀνατρέποντες
1080 4130 1202 4203 troilo

573 4236 711 4328 ἐξῄτουν,
734 4237 877 4328 πρότερον
901 4238 934 4306 δὲ
956 4244 993 4327 τῇ
1015 4237 1095 4328 χειρὶ
1117 4235 1213 4326 ψόφον

573 4341 728 4431 νροόοντις
750 4343 881 4423 ἐποίουν,
906 4337 983 4412 <bore
1004 4337 1072 4416 τοός
1094 4339 1223 4410 inierint
1248 4345 1342 4439 θυρῶν

573 4451 687 4534 γνῶναι
708 4442 900 4531 φυλόξοοθοιί
920 4472 953 4514 τι
976 4443 1016 4534 μὴ
1039 4443 1162 4532 πληγεὶς
1185 4441 1268 4532 λάθῃ

575 4546 668 4628 ἐοτιός
690 4574 733 4626 τις
755 4542 842 4640 όφνιυ
864 4556 923 4618 τῶν
946 4551 1047 4638 θυρῶν
1069 4545 1264 4636 ὠθουμένων.
