3182 5132
363 402 437 475 4118
479 447 482 456 .
756 420 800 480 Ex
823 437 921 480 555555
945 421 1150 480 Bsnomnsssr.

363 608 448 688 quod
472 609 599 669 multum
615 607 674 670 leci
691 628 731 670 ex
746 617 921 672 monstroso
936 609 989 669 illo
1001 608 1206 689 plurimulum
1220 609 1358 689 aliquam
1373 612 1438 673 veri
1452 613 1522 672 simi-

363 712 532 775 litudinem
563 715 756 776 nanciscitur
784 715 810 776 si
834 714 1007 775 conicimus
1030 710 1159 775 coniusa
1182 731 1252 775 esse
1275 714 1401 776 multum
1422 725 1450 776 55
1467 716 1524 796 piu-

365 816 491 892 rimum,
523 836 712 898 synonymus
741 835 850 895 vocae,
882 825 913 878 et
936 814 1021 897 quod
1050 815 1217 879 confusum
1245 827 1313 879 erat
1338 816 1451 880 deinde
1470 838 1523 880 esse

364 918 583 1000 depravatum.
631 919 861 1002 oeceptoeprohs
892 929 924 982 55
952 927 1074 1001 acceptu
1102 921 1200 1002 epulis
1230 941 1293 984 non
1321 929 1383 983 tam
1405 924 1481 985 inter
1497 943 1522 984 sc

364 1022 489 1086 diversa
524 1033 599 1086 sunt
627 1032 662 1086 ut
690 1026 748 1086 ista
778 1025 847 1086 veri
877 1023 1021 1086 vocabuli
1052 1022 1237 1104 depravatio
1268 1025 1460 1087 incredibilis
1482 1028 1522 1087 sit.

364 1129 520 1188 sententia
551 1137 656 1190 autem
686 1129 847 1208 aptissima
874 1135 932 1188 cst.
980 1128 1126 1191 Horatius
1149 1128 1252 1190 Carm.
1272 1129 1395 1192 13213
1417 1129 1523 1190 5515555
1578 1145 1579 1152 “

368 1230 474 1292 Phoebi
494 1239 522 1293 et
543 1231 673 1312 dapibus
695 1233 834 1313 supremi
861 1233 960 1293 Grata
982 1231 1097 1294 testudo
1120 1233 1213 1294 louis.
1254 1231 1521 1294 5555511565155.

365 1334 509 1416 desectam
539 1333 744 1397 scribendum
773 1355 842 1398 esse
870 1355 921 1396 me
944 1335 1095 1397 docuerat
1118 1354 1230 1398 versus
1247 1337 1307 1415 65,
1339 1337 1420 1398 haud
1437 1338 1525 1418 procul

367 1438 478 1521 esfiqies
502 1439 571 1500 iude
593 1447 636 1500 est
659 1439 774 1521 desecta
795 1439 908 1516 labore,
934 1459 1006 1502 cum
1030 1437 1096 1500 vidi
1121 1437 1204 1502 idem
1220 1439 1415 1521 adscriptum
1429 1460 1488 1504 csse
1501 1441 1524 1500 io

366 1543 539 1623 exemplari
571 1542 622 1602 illo
651 1541 860 1606 bibliothecae
885 1543 1115 1622 Gottingensis:
1147 1542 1278 1606 videtur
1306 1553 1410 1607 autem
1430 1544 1524 1605 Nicolai

367 1647 486 1707 llcinsii
510 1665 579 1707 esse
602 1648 793 1710 coniectura.
839 1648 947 1728 plauto
968 1665 1046 1728 quoe
1067 1653 1166 1709 erecto
1186 1649 1316 1710 sinistra
1331 1648 1451 1710 Grotius
1464 1647 1527 1708 scri·

367 1749 507 1813 bendum
538 1769 608 1812 esse
638 1749 735 1828 vidit;
771 1750 848 1812 lalso
875 1752 958 1812 enim
989 1752 1017 1812 ei
1041 1769 1101 1830 qua
1130 1749 1296 1815 tribuitur.
1343 1761 1418 1832 puto
1440 1760 1524 1813 auten

368 1853 510 1915 Grotium
535 1864 621 1915 recte
644 1855 811 1935 scripsisse
833 1875 865 1915 v.
885 1856 924 1914 69
948 1856 1096 1934 serpentis
1119 1856 1214 1935 copiti
1228 1855 1293 1936 fiqit
1307 1856 1431 1938 vestiyia
1443 1855 1523 1916 15555.

367 1956 516 2019 dissentit
543 1955 658 2020 Aratus
680 1977 711 2018 v.
732 1959 821 2036 biis,
852 1957 909 2019 sed
937 1959 1096 2038 conspirat
1124 1968 1377 2021 conmemoratus
1402 1978 1419 2020 a
1440 1957 1526 2018 Grotio

370 2061 509 2142 Hyginus
531 2058 615 2123 Astr.
635 2081 656 2122 u
673 2062 703 2122 6.
948 2058 951 2064 ’

454 2165 508 2225 1555
524 2163 605 2225 addo
620 2166 818 2229 necessarias
832 2163 967 2226 duorum
985 2183 1136 2226 versuum
1152 2165 1402 2245 emendationes,
1420 2166 1524 2227 alteram

367 2267 609 2347 alaobmanno,
635 2269 764 2329 alteram
787 2267 961 2329 chntleio
981 2268 1110 2330 laetam:
1136 2288 1207 2330 nam
1225 2270 1365 2350 ignorari
1381 2268 1472 2331 video.
1504 2275 1526 2326 ct

369 2371 587 2433 Lachmannus
605 2370 735 2451 quidem
752 2372 907 2452 Propertii
923 2392 955 2452 p.
974 2372 1036 2434 232
1052 2370 1258 2433 scribendum
1275 2391 1345 2435 esse
1360 2372 1436 2434 vidit
1455 2391 1480 2430 v.
1495 2370 1525 2428 u

369 2458 476 2537 (hesic
498 2474 761 2552 55555115551551,
786 2475 948 2536 Bentleius
964 2483 1070 2537 autem
1085 2477 1200 2536 Manilii
1217 2496 1249 2556 p.
1269 2475 1309 2537 27
1327 2474 1525 2538 demonstrarit

369 2599 399 2640 v.
418 2579 480 2640 238
504 2577 601 2639 scribi
624 2585 771 2658 oportere
794 2565 939 2640 brevius.¹

308 2687 358 2733 ²⁰⁵
455 2682 584 2743 LXXlll.
616 2680 724 2742 Cicero
747 2682 805 2761 Ep.
832 2681 873 2743 ad
895 2679 1094 2744 Atticumrtl
1122 2684 1256 2763 Thyillus
1283 2691 1311 2745 te
1341 2691 1424 2767 royot
1449 2689 1525 2760 etcyo

368 2787 433 2848 eius
464 2793 572 2868 royctu
595 2778 793 2867 Eupolemo
820 2778 941 2870 scirpia.
991 2784 1154 2865 legebatur
1176 2787 1250 2848 olim
1276 2786 1407 2866 Chiliais,
1437 2801 1525 2846 nomeu

368 2909 475 2972 neque
505 2888 649 2952 auditum
678 2889 754 2950 alias
783 2907 890 2969 nequo
919 2888 1073 2952 credibile
1102 2908 1209 2970 neque
1239 2891 1395 2971 scriptum
1416 2892 1445 2951 iu
1465 2887 1525 2948 libro

369 2992 525 3057 Medioeo:
553 2991 648 3054 babet
671 2994 758 3054 enim
780 2992 908 3073 chiyiius
931 3003 963 3054 et
984 2994 1017 3054 iu
1033 2994 1174 3074 margine
1191 2993 1338 3075 thyullus.
1378 3003 1457 3056 recte
1471 3007 1526 3050 5555

370 3099 530 3177 Kayserus
557 3105 589 3158 55
619 3097 670 3157 1555
699 3105 730 3158 55
760 3096 793 3156 55
817 3096 888 3158 aliis
910 3095 1035 3158 duabus
1058 3096 1205 3178 epistulis
1227 3096 1343 3177 Thyilli
1367 3114 1469 3158 nome-n
1489 3111 1526 3153 re-

370 3203 484 3264 stituit.
532 3221 542 3261 5
561 3201 599 3263 12
616 3202 634 3262 2
652 3199 792 3262 libertum
807 3219 859 3284 eqo
874 3200 976 3277 haheo,
1004 3219 1077 3262 saue
1091 3218 1222 3280 aequom
1235 3199 1394 3275 homiuem,
1412 3199 1525 3260 llr'lcmn

370 3305 453 3384 dico,
487 3305 704 3366 rationatorem
734 3311 763 3365 et
783 3304 919 3366 clientem
942 3311 1037 3366 tuum.
1085 3303 1122 3366 de
1144 3321 1176 3364 eo
1199 3302 1274 3364 mihi
1299 3303 1527 3364 11515ήωὶ5555-

368 3426 442 3490 pres
464 3409 586 3469 nuntiat
604 3407 795 3491 Thyillusque
816 3427 849 3469 se
871 3408 995 3470 audisse
1017 3407 1124 3470 scribit
1143 3407 1217 3468 hoec
1239 3415 1271 3468 55
1293 3425 1377 3487 quac
1391 3413 1525 3468 secuntur.

373 3513 424 3573 hio
451 3511 640 3592 thyrliusque
672 3521 720 3574 est
748 3513 781 3572 iu
810 3511 948 3573 llediceo
982 3511 1065 3574 libro
1093 3513 1274 3591 iterumque
1303 3507 1526 3572 commenticium

373 3615 466 3677 Chilii
487 3632 602 3676 nomen
618 3615 720 3678 locum
736 3616 816 3677 male
833 3615 1023 3677 obtinuerat.
1065 3617 1159 3676 tertio
1175 3613 1208 3676 id
1223 3614 1340 3676 lactum
1356 3622 1403 3676 est
1417 3632 1427 3674 5
1444 3613 1475 3671 tt
1490 3608 1525 3668 u.

372 3719 600 3802 epiyrorunictis
624 3719 684 3780 tuis
706 3737 784 3799 quoe
806 3720 838 3780 iu
854 3714 1007 3780 Amaltheo
1028 3719 1160 3799 posuisti
1172 3719 1439 3788 contentc'erimus,
1457 3730 1527 3797 prat·

372 3823 477 3885 sertim
499 3841 568 3885 cum
590 3829 618 3884 et
643 3821 776 3902 Thyillus
798 3840 852 3884 nos
875 3821 1034 3902 reliquerit
1054 3829 1082 3883 et
1103 3819 1233 3883 Archias
1255 3819 1333 3882 nihil
1354 3821 1390 3882 de
1411 3840 1453 3882 555
1470 3815 1528 3879 scri-

372 3927 487 4008 pserit:
517 3945 554 3988 oc
575 3944 683 3988 vercor
703 3944 759 4002 ue,
790 3925 926 3987 Lucullis
948 3926 1091 4006 quomam
1116 3925 1265 3987 Graecum
1283 3943 1391 4006 pesum
1411 3919 1526 3988 condidit,

373 4049 456 4093 nuuc
477 4029 519 4092 od
536 4030 740 4092 caecilianam
759 4028 900 4111 fabulum
922 4036 1043 4110 spectet.
1089 4027 1250 4091 Medieeus
1271 4027 1357 4090 liber
1377 4027 1490 4108 ohlylius
1506 4031 1526 4080 55

374 4137 407 4196 55
432 4135 573 4214 margine
598 4134 645 4195 uei
667 4133 790 4215 thlilyus
813 4131 918 4210 babet,
945 4131 1110 4195 Cratandri
1133 4133 1327 4213 exemplaria
1346 4131 1468 4212 Thylius.
1499 4121 1527 4186 ad

376 4239 600 4319 epigrammata
625 4256 708 4318 quae
729 4235 853 4298 Atticus
875 4237 907 4298 in
930 4233 1095 4298 Amaltheo
1117 4255 1185 4316 suo,
1211 4235 1285 4298 villa
1308 4235 1466 4318 Epirotica,
1487 4247 1528 4308 pu

376 4343 440 4405 suit
461 4343 624 4422 pertinent
646 4340 910 4422 quacCornelius
926 4341 1029 4421 Nepos
1051 4340 1084 4400 55
1106 4341 1171 4401 vita
1195 4340 1264 4402 eius
1286 4357 1355 4421 cap.
1375 4331 1525 4406 1855551515,

376 4446 474 4528 ottiyit
503 4463 618 4526 quoque
645 4447 794 4526 poeticen,
827 4443 979 4506 medianus
1001 4462 1039 4505 ne
1061 4445 1127 4506 eius
1149 4461 1263 4525 coepere
1285 4443 1362 4506 esset
1382 4435 1525 4504 5555555555.

377 4566 506 4631 nomque
529 4547 668 4610 versibus
690 4549 744 4629 qui
761 4547 872 4609 honore
888 4565 1058 4628 rerumque.
1064 4553 1221 4630 yestorum
1236 4545 1428 4628 amplitudciu
1440 4547 1527 4604 555555
