<?xml version="1.0" encoding="UTF-8"?>
<!DOCTYPE html PUBLIC "-//W3C//DTD XHTML 1.0 Transitional//EN"
    "http://www.w3.org/TR/xhtml1/DTD/xhtml1-transitional.dtd">
<html xmlns="http://www.w3.org/1999/xhtml" xml:lang="en" lang="en">
 <head>
  <title>
</title>
<meta http-equiv="Content-Type" content="text/html;charset=utf-8" />
  <meta name='ocr-system' content='tesseract 3.04.00' />
  <meta name='ocr-capabilities' content='ocr_page ocr_carea ocr_par ocr_line ocrx_word'/>
</head>
<body>
  <div class='ocr_page' id='page_1' title='image "./mavriciihavptii01haupgoog/mavriciihavptii01haupgoog_0618.png"; bbox 0 0 3252 5130; ppageno 0'>
   <div class='ocr_carea' id='block_1_1' title="bbox 537 417 1285 494">
    <p class='ocr_par' dir='ltr' id='par_1_1' title="bbox 537 417 1285 494">
     <span class='ocr_line' id='line_1_1' title="bbox 537 417 1285 494; baseline 0.001 -4"><span class='ocrx_word' id='word_1_1' title='bbox 537 473 541 480; x_wconf 81' lang='grc'><em>.</em></span> <span class='ocrx_word' id='word_1_2' title='bbox 580 429 798 494; x_wconf 65' lang='lat' dir='ltr'>domim.</span> <span class='ocrx_word' id='word_1_3' title='bbox 868 469 872 484; x_wconf 78' lang='lat'>·</span> <span class='ocrx_word' id='word_1_4' title='bbox 1207 417 1285 491; x_wconf 77' lang='grc' dir='ltr'>θθΤ</span> 
     </span>
    </p>
   </div>
   <div class='ocr_carea' id='block_1_2' title="bbox 77 609 1303 2348">
    <p class='ocr_par' dir='ltr' id='par_1_2' title="bbox 85 609 1282 698">
     <span class='ocr_line' id='line_1_2' title="bbox 85 609 1282 698; baseline 0.006 -22"><span class='ocrx_word' id='word_1_5' title='bbox 85 615 218 678; x_wconf 82' lang='lat' dir='ltr'>Grotius</span> <span class='ocrx_word' id='word_1_6' title='bbox 244 610 350 686; x_wconf 77' lang='grc' dir='ltr'>πολιός</span> <span class='ocrx_word' id='word_1_7' title='bbox 381 616 412 678; x_wconf 87' lang='lat' dir='ltr'>in</span> <span class='ocrx_word' id='word_1_8' title='bbox 443 609 561 687; x_wconf 77' lang='grc' dir='ltr'>σκολιός</span> <span class='ocrx_word' id='word_1_9' title='bbox 586 619 741 695; x_wconf 65' lang='lat' dir='ltr'>neunt,</span> <span class='ocrx_word' id='word_1_10' title='bbox 776 616 866 698; x_wconf 86' lang='lat' dir='ltr'>quod</span> <span class='ocrx_word' id='word_1_11' title='bbox 884 618 1067 682; x_wconf 77' lang='lat' dir='ltr'>Meineltius-</span> <span class='ocrx_word' id='word_1_12' title='bbox 1083 618 1282 686; x_wconf 75' lang='lat' dir='ltr'>Geminorum</span> 
     </span>
    </p>

    <p class='ocr_par' dir='ltr' id='par_1_3' title="bbox 84 718 1298 914">
     <span class='ocr_line' id='line_1_3' title="bbox 85 718 1298 804; baseline 0.004 -24"><span class='ocrx_word' id='word_1_13' title='bbox 85 731 110 780; x_wconf 89' lang='lat' dir='ltr'>t.</span> <span class='ocrx_word' id='word_1_14' title='bbox 131 739 160 779; x_wconf 83' lang='lat' dir='ltr'>iv</span> <span class='ocrx_word' id='word_1_15' title='bbox 183 719 308 798; x_wconf 76' lang='lat' dir='ltr'>pttt.</span> <span class='ocrx_word' id='word_1_16' title='bbox 322 720 391 800; x_wconf 74' lang='lat' dir='ltr'>iura</span> <span class='ocrx_word' id='word_1_17' title='bbox 420 719 503 782; x_wconf 88' lang='lat' dir='ltr'>mibi</span> <span class='ocrx_word' id='word_1_18' title='bbox 526 718 757 785; x_wconf 56' lang='grc' dir='ltr'>Ιτίιίαυιτυιιιαιι</span> <span class='ocrx_word' id='word_1_19' title='bbox 780 721 1113 801; x_wconf 44' lang='lat' dir='ltr'>minumum-*illud</span> <span class='ocrx_word' id='word_1_20' title='bbox 1135 725 1298 804; x_wconf 81' lang='lat' dir='ltr'>ineptum·</span> 
     </span>
     <span class='ocr_line' id='line_1_4' title="bbox 84 820 1282 914; baseline 0.004 -31"><span class='ocrx_word' id='word_1_21' title='bbox 84 821 223 914; x_wconf 73' lang='lat' dir='ltr'>dixisse.</span> <span class='ocrx_word' id='word_1_22' title='bbox 269 839 341 884; x_wconf 79' lang='grc' dir='ltr'>ιιαιι</span> <span class='ocrx_word' id='word_1_23' title='bbox 372 822 432 902; x_wconf 89' lang='lat' dir='ltr'>qui</span> <span class='ocrx_word' id='word_1_24' title='bbox 450 820 626 888; x_wconf 71' lang='lat' dir='ltr'>subdolum·</span> <span class='ocrx_word' id='word_1_25' title='bbox 644 821 1086 903; x_wconf 67' lang='lat' dir='ltr'>interpretatuseatviderit</span> <span class='ocrx_word' id='word_1_26' title='bbox 1105 837 1282 890; x_wconf 69' lang='lat' dir='ltr'>numtvsr-</span> 
     </span>
    </p>

    <p class='ocr_par' dir='ltr' id='par_1_4' title="bbox 81 925 1282 1008">
     <span class='ocr_line' id='line_1_5' title="bbox 81 925 1282 1008; baseline 0.003 -22"><span class='ocrx_word' id='word_1_27' title='bbox 81 927 151 986; x_wconf 84' lang='lat' dir='ltr'>suti</span> <span class='ocrx_word' id='word_1_28' title='bbox 180 925 368 1006; x_wconf 73' lang='lat' dir='ltr'>significatio</span> <span class='ocrx_word' id='word_1_29' title='bbox 390 926 584 1003; x_wconf 73' lang='lat' dir='ltr'>sententiae,</span> <span class='ocrx_word' id='word_1_30' title='bbox 618 940 713 1005; x_wconf 82' lang='lat' dir='ltr'>quum</span> <span class='ocrx_word' id='word_1_31' title='bbox 731 926 862 1006; x_wconf 81' lang='lat' dir='ltr'>planem</span> <span class='ocrx_word' id='word_1_32' title='bbox 879 935 918 990; x_wconf 62' lang='lat' dir='ltr'>ret</span> <span class='ocrx_word' id='word_1_33' title='bbox 934 927 1120 1008; x_wconf 73' lang='lat' dir='ltr'>simplicem</span> <span class='ocrx_word' id='word_1_34' title='bbox 1140 930 1282 1008; x_wconf 85' lang='lat' dir='ltr'>requiri-</span> 
     </span>
    </p>

    <p class='ocr_par' dir='ltr' id='par_1_5' title="bbox 84 1023 1284 1115">
     <span class='ocr_line' id='line_1_6' title="bbox 84 1023 1284 1115; baseline 0.006 -26"><span class='ocrx_word' id='word_1_35' title='bbox 84 1046 170 1106; x_wconf 87' lang='lat' dir='ltr'>mus‚</span> <span class='ocrx_word' id='word_1_36' title='bbox 195 1029 393 1092; x_wconf 59' lang='lat' dir='ltr'>conveniet„</span> <span class='ocrx_word' id='word_1_37' title='bbox 409 1042 519 1108; x_wconf 80' lang='lat' dir='ltr'>neque</span> <span class='ocrx_word' id='word_1_38' title='bbox 532 1047 612 1090; x_wconf 80' lang='lat' dir='ltr'>vere</span> <span class='ocrx_word' id='word_1_39' title='bbox 624 1029 775 1092; x_wconf 74' lang='lat' dir='ltr'>Meinebii</span> <span class='ocrx_word' id='word_1_40' title='bbox 785 1023 899 1101; x_wconf 73' lang='grc' dir='ltr'>σκαιός.</span> <span class='ocrx_word' id='word_1_41' title='bbox 907 1039 963 1094; x_wconf 82' lang='lat' dir='ltr'>aut</span> <span class='ocrx_word' id='word_1_42' title='bbox 979 1030 1284 1115; x_wconf 70' lang='lat' dir='ltr'>Hirsebigiipuitlee</span> 
     </span>
    </p>

    <p class='ocr_par' dir='ltr' id='par_1_6' title="bbox 81 1128 1280 1212">
     <span class='ocr_line' id='line_1_7' title="bbox 81 1128 1280 1212; baseline 0.004 -20"><span class='ocrx_word' id='word_1_43' title='bbox 81 1132 189 1212; x_wconf 79' lang='lat' dir='ltr'>magis</span> <span class='ocrx_word' id='word_1_44' title='bbox 210 1128 376 1211; x_wconf 86' lang='lat' dir='ltr'>probanda</span> <span class='ocrx_word' id='word_1_45' title='bbox 386 1140 481 1194; x_wconf 79' lang='lat' dir='ltr'>,suut</span> <span class='ocrx_word' id='word_1_46' title='bbox 523 1149 602 1196; x_wconf 81' lang='lat' dir='ltr'>nam</span> <span class='ocrx_word' id='word_1_47' title='bbox 612 1142 670 1201; x_wconf 71' lang='lat' dir='ltr'>ut:</span> <span class='ocrx_word' id='word_1_48' title='bbox 680 1137 800 1196; x_wconf 67' lang='lat' dir='ltr'>breem</span> <span class='ocrx_word' id='word_1_49' title='bbox 816 1131 973 1199; x_wconf 82' lang='lat' dir='ltr'>eiueniodi</span> <span class='ocrx_word' id='word_1_50' title='bbox 986 1135 1178 1199; x_wconf 67' lang='lat' dir='ltr'>manationes</span> <span class='ocrx_word' id='word_1_51' title='bbox 1192 1135 1280 1197; x_wconf 86' lang='lat' dir='ltr'>litte-</span> 
     </span>
    </p>

    <p class='ocr_par' dir='ltr' id='par_1_7' title="bbox 83 1232 1281 1322">
     <span class='ocr_line' id='line_1_8' title="bbox 83 1232 1281 1322; baseline 0.002 -26"><span class='ocrx_word' id='word_1_52' title='bbox 83 1253 196 1296; x_wconf 82' lang='lat' dir='ltr'>rarum</span> <span class='ocrx_word' id='word_1_53' title='bbox 219 1234 339 1298; x_wconf 85' lang='lat' dir='ltr'>nullam</span> <span class='ocrx_word' id='word_1_54' title='bbox 349 1267 352 1276; x_wconf 44' lang='lat' dir='ltr'>v</span> <span class='ocrx_word' id='word_1_55' title='bbox 361 1232 480 1298; x_wconf 80' lang='lat' dir='ltr'>babere</span> <span class='ocrx_word' id='word_1_56' title='bbox 503 1235 577 1298; x_wconf 81' lang='lat' dir='ltr'>veri</span> <span class='ocrx_word' id='word_1_57' title='bbox 593 1236 751 1315; x_wconf 68' lang='lat' dir='ltr'>speeiem,</span> <span class='ocrx_word' id='word_1_58' title='bbox 771 1236 889 1300; x_wconf 72' lang='lat' dir='ltr'>dixerit</span> <span class='ocrx_word' id='word_1_59' title='bbox 902 1236 1020 1317; x_wconf 81' lang='lat' dir='ltr'>aliquis</span> <span class='ocrx_word' id='word_1_60' title='bbox 1034 1245 1160 1317; x_wconf 81' lang='lat' dir='ltr'>tempus</span> <span class='ocrx_word' id='word_1_61' title='bbox 1170 1234 1281 1322; x_wconf 71' lang='grc' dir='ltr'>τεχνί-</span> 
     </span>
    </p>

    <p class='ocr_par' dir='ltr' id='par_1_8' title="bbox 80 1331 1289 1528">
     <span class='ocr_line' id='line_1_9' title="bbox 81 1331 1289 1421; baseline 0.002 -21"><span class='ocrx_word' id='word_1_62' title='bbox 81 1361 143 1421; x_wconf 73' lang='grc' dir='ltr'>την</span> <span class='ocrx_word' id='word_1_63' title='bbox 163 1331 269 1402; x_wconf 74' lang='grc' dir='ltr'>σκαιόν</span> <span class='ocrx_word' id='word_1_64' title='bbox 292 1337 351 1400; x_wconf 80' lang='grc' dir='ltr'>ναί.</span> <span class='ocrx_word' id='word_1_65' title='bbox 365 1339 483 1420; x_wconf 78' lang='grc' dir='ltr'>φαῦλαι</span> <span class='ocrx_word' id='word_1_66' title='bbox 501 1337 708 1418; x_wconf 63' lang='lat' dir='ltr'>(quamquem</span> <span class='ocrx_word' id='word_1_67' title='bbox 725 1339 828 1404; x_wconf 79' lang='lat' dir='ltr'>anullo</span> <span class='ocrx_word' id='word_1_68' title='bbox 843 1340 960 1406; x_wconf 76' lang='lat' dir='ltr'>seitiue</span> <span class='ocrx_word' id='word_1_69' title='bbox 968 1341 1091 1404; x_wconf 80' lang='lat' dir='ltr'>loeutus</span> <span class='ocrx_word' id='word_1_70' title='bbox 1107 1348 1157 1406; x_wconf 87' lang='lat' dir='ltr'>est</span> <span class='ocrx_word' id='word_1_71' title='bbox 1170 1341 1289 1408; x_wconf 83' lang='lat' dir='ltr'>Cretes·</span> 
     </span>
     <span class='ocr_line' id='line_1_10' title="bbox 80 1432 1277 1528; baseline 0.004 -24"><span class='ocrx_word' id='word_1_72' title='bbox 80 1440 236 1505; x_wconf 85' lang='lat' dir='ltr'>versibus</span> <span class='ocrx_word' id='word_1_73' title='bbox 258 1451 341 1521; x_wconf 74' lang='lat' dir='ltr'>ques</span> <span class='ocrx_word' id='word_1_74' title='bbox 360 1439 514 1506; x_wconf 84' lang='lat' dir='ltr'>Stebneus</span> <span class='ocrx_word' id='word_1_75' title='bbox 536 1451 632 1506; x_wconf 75' lang='grc' dir='ltr'>παίει</span> <span class='ocrx_word' id='word_1_76' title='bbox 654 1441 807 1522; x_wconf 80' lang='lat' dir='ltr'>praebet,</span> <span class='ocrx_word' id='word_1_77' title='bbox 830 1435 927 1527; x_wconf 72' lang='grc' dir='ltr'>ὃ-,γιλρ</span> <span class='ocrx_word' id='word_1_78' title='bbox 949 1437 1057 1528; x_wconf 77' lang='grc' dir='ltr'>χρόνοι</span> <span class='ocrx_word' id='word_1_79' title='bbox 1081 1432 1277 1528; x_wconf 62' lang='grc' dir='ltr'>ρι’«ίιιαριψι,Ι</span> 
     </span>
    </p>

    <p class='ocr_par' dir='ltr' id='par_1_9' title="bbox 77 1536 1303 1734">
     <span class='ocr_line' id='line_1_11' title="bbox 77 1536 1303 1630; baseline 0 -21"><span class='ocrx_word' id='word_1_80' title='bbox 77 1545 196 1609; x_wconf 77' lang='grc' dir='ltr'>τέκτων</span> <span class='ocrx_word' id='word_1_81' title='bbox 228 1541 281 1628; x_wconf 72' lang='grc' dir='ltr'>μίν</span> <span class='ocrx_word' id='word_1_82' title='bbox 310 1538 420 1628; x_wconf 77' lang='grc' dir='ltr'>σορός,</span> <span class='ocrx_word' id='word_1_83' title='bbox 444 1536 628 1608; x_wconf 57' lang='lat' dir='ltr'>teusetae?</span> <span class='ocrx_word' id='word_1_84' title='bbox 655 1541 855 1629; x_wconf 66' lang='grc' dir='ltr'>ἐργαζόμενος</span> <span class='ocrx_word' id='word_1_85' title='bbox 879 1539 1123 1630; x_wconf 73' lang='grc' dir='ltr'>ιἰσθενέστερα),·</span> <span class='ocrx_word' id='word_1_86' title='bbox 1141 1545 1303 1612; x_wconf 78' lang='lat' dir='ltr'>sedni-⁶</span> 
     </span>
     <span class='ocr_line' id='line_1_12' title="bbox 81 1645 1277 1734; baseline 0.001 -24"><span class='ocrx_word' id='word_1_87' title='bbox 81 1649 211 1730; x_wconf 90' lang='lat' dir='ltr'>philum</span> <span class='ocrx_word' id='word_1_88' title='bbox 234 1647 315 1709; x_wconf 86' lang='lat' dir='ltr'>nihil</span> <span class='ocrx_word' id='word_1_89' title='bbox 337 1649 439 1708; x_wconf 88' lang='lat' dir='ltr'>simile</span> <span class='ocrx_word' id='word_1_90' title='bbox 464 1646 582 1710; x_wconf 80' lang='lat' dir='ltr'>dixisse</span> <span class='ocrx_word' id='word_1_91' title='bbox 605 1645 707 1734; x_wconf 89' lang='grc' dir='ltr'>χαίρει</span> <span class='ocrx_word' id='word_1_92' title='bbox 725 1649 794 1710; x_wconf 91' lang='lat' dir='ltr'>eius</span> <span class='ocrx_word' id='word_1_93' title='bbox 809 1648 958 1714; x_wconf 86' lang='lat' dir='ltr'>ostendit.</span> <span class='ocrx_word' id='word_1_94' title='bbox 998 1667 1071 1714; x_wconf 77' lang='lat' dir='ltr'>nam</span> <span class='ocrx_word' id='word_1_95' title='bbox 1087 1651 1143 1730; x_wconf 90' lang='lat' dir='ltr'>qui</span> <span class='ocrx_word' id='word_1_96' title='bbox 1159 1648 1277 1730; x_wconf 81' lang='lat' dir='ltr'>gaudet</span> 
     </span>
    </p>

    <p class='ocr_par' dir='ltr' id='par_1_10' title="bbox 81 1749 1277 1831">
     <span class='ocr_line' id='line_1_13' title="bbox 81 1749 1277 1831; baseline -0.001 -18"><span class='ocrx_word' id='word_1_97' title='bbox 81 1772 136 1815; x_wconf 85' lang='lat' dir='ltr'>res</span> <span class='ocrx_word' id='word_1_98' title='bbox 160 1749 418 1828; x_wconf 77' lang='lat' dir='ltr'>translormandu</span> <span class='ocrx_word' id='word_1_99' title='bbox 439 1749 618 1831; x_wconf 69' lang='lat' dir='ltr'>depravare</span> <span class='ocrx_word' id='word_1_100' title='bbox 638 1759 710 1814; x_wconf 83' lang='lat' dir='ltr'>eum</span> <span class='ocrx_word' id='word_1_101' title='bbox 726 1769 788 1812; x_wconf 89' lang='lat' dir='ltr'>non</span> <span class='ocrx_word' id='word_1_102' title='bbox 805 1749 947 1814; x_wconf 79' lang='lat' dir='ltr'>dicemus</span> <span class='ocrx_word' id='word_1_103' title='bbox 962 1751 1156 1815; x_wconf 67' lang='lat' dir='ltr'>dexteritate</span> <span class='ocrx_word' id='word_1_104' title='bbox 1168 1769 1277 1814; x_wconf 84' lang='lat' dir='ltr'>eerere</span> 
     </span>
    </p>

    <p class='ocr_par' dir='ltr' id='par_1_11' title="bbox 79 1851 1279 1938">
     <span class='ocr_line' id='line_1_14' title="bbox 79 1851 1279 1938; baseline 0.002 -22"><span class='ocrx_word' id='word_1_105' title='bbox 79 1851 492 1938; x_wconf 61' lang='lat' dir='ltr'>neque-pebloerepvlrp</span> <span class='ocrx_word' id='word_1_106' title='bbox 509 1855 592 1916; x_wconf 82' lang='lat' dir='ltr'>&#39;setis</span> <span class='ocrx_word' id='word_1_107' title='bbox 613 1863 690 1934; x_wconf 84' lang='lat' dir='ltr'>epte</span> <span class='ocrx_word' id='word_1_108' title='bbox 708 1853 952 1934; x_wconf 85' lang='lat' dir='ltr'>adpellabimus,</span> <span class='ocrx_word' id='word_1_109' title='bbox 978 1853 1035 1920; x_wconf 83' lang='lat' dir='ltr'>sed</span> <span class='ocrx_word' id='word_1_110' title='bbox 1057 1853 1279 1935; x_wconf 84' lang='lat' dir='ltr'>reprehende·</span> 
     </span>
    </p>

    <p class='ocr_par' dir='ltr' id='par_1_12' title="bbox 79 1954 1272 2042">
     <span class='ocr_line' id='line_1_15' title="bbox 79 1954 1272 2042; baseline -0.001 -21"><span class='ocrx_word' id='word_1_111' title='bbox 79 1977 156 2021; x_wconf 90' lang='lat' dir='ltr'>mus</span> <span class='ocrx_word' id='word_1_112' title='bbox 180 1967 216 2020; x_wconf 92' lang='lat' dir='ltr'>ut</span> <span class='ocrx_word' id='word_1_113' title='bbox 238 1975 427 2037; x_wconf 82' lang='lat' dir='ltr'>perversum</span> <span class='ocrx_word' id='word_1_114' title='bbox 455 1957 597 2036; x_wconf 51' lang='lat' dir='ltr'>{qualus</span> <span class='ocrx_word' id='word_1_115' title='bbox 615 1968 651 2020; x_wconf 89' lang='lat' dir='ltr'>ut</span> <span class='ocrx_word' id='word_1_116' title='bbox 673 1959 731 2020; x_wconf 84' lang='lat' dir='ltr'>boe</span> <span class='ocrx_word' id='word_1_117' title='bbox 753 1955 896 2036; x_wconf 51' lang='lat' dir='ltr'>addens</span> <span class='ocrx_word' id='word_1_118' title='bbox 918 1977 980 2022; x_wconf 85' lang='lat' dir='ltr'>uon</span> <span class='ocrx_word' id='word_1_119' title='bbox 1002 1957 1123 2021; x_wconf 90' lang='lat' dir='ltr'>dieitur</span> <span class='ocrx_word' id='word_1_120' title='bbox 1143 1954 1272 2042; x_wconf 78' lang='grc' dir='ltr'>σκολιός)</span> 
     </span>
    </p>

    <p class='ocr_par' dir='ltr' id='par_1_13' title="bbox 77 2059 1276 2140">
     <span class='ocr_line' id='line_1_16' title="bbox 77 2059 1276 2140; baseline 0 -16"><span class='ocrx_word' id='word_1_121' title='bbox 77 2073 137 2124; x_wconf 90' lang='lat' dir='ltr'>aut</span> <span class='ocrx_word' id='word_1_122' title='bbox 169 2059 361 2123; x_wconf 86' lang='lat' dir='ltr'>mirabimur</span> <span class='ocrx_word' id='word_1_123' title='bbox 381 2070 416 2122; x_wconf 87' lang='lat' dir='ltr'>ut</span> <span class='ocrx_word' id='word_1_124' title='bbox 440 2060 639 2122; x_wconf 73' lang='lat' dir='ltr'>insolentem.</span> <span class='ocrx_word' id='word_1_125' title='bbox 662 2089 665 2099; x_wconf 89' lang='lat'><em>·</em></span> <span class='ocrx_word' id='word_1_126' title='bbox 688 2060 793 2140; x_wconf 76' lang='lat' dir='ltr'>iteque</span> <span class='ocrx_word' id='word_1_127' title='bbox 812 2059 946 2122; x_wconf 65' lang='lat' dir='ltr'>*videtur</span> <span class='ocrx_word' id='word_1_128' title='bbox 967 2061 1045 2123; x_wconf 83' lang='lat' dir='ltr'>mihi</span> <span class='ocrx_word' id='word_1_129' title='bbox 1069 2059 1276 2126; x_wconf 82' lang='lat' dir='ltr'>seribendum</span> 
     </span>
    </p>

    <p class='ocr_par' dir='ltr' id='par_1_14' title="bbox 77 2153 1275 2248">
     <span class='ocr_line' id='line_1_17' title="bbox 77 2153 1275 2248; baseline 0 -20"><span class='ocrx_word' id='word_1_130' title='bbox 77 2183 154 2228; x_wconf 85' lang='lat' dir='ltr'>esse</span> <span class='ocrx_word' id='word_1_131' title='bbox 184 2153 293 2233; x_wconf 74' lang='grc' dir='ltr'>ἄνατος</span> <span class='ocrx_word' id='word_1_132' title='bbox 315 2160 461 2248; x_wconf 74' lang='grc' dir='ltr'><strong>τεχνίτης.</strong></span> <span class='ocrx_word' id='word_1_133' title='bbox 509 2163 669 2227; x_wconf 65' lang='lat' dir='ltr'>nimirum«</span> <span class='ocrx_word' id='word_1_134' title='bbox 684 2162 709 2226; x_wconf 89' lang='lat' dir='ltr'>si</span> <span class='ocrx_word' id='word_1_135' title='bbox 734 2164 836 2243; x_wconf 83' lang='lat' dir='ltr'>prima</span> <span class='ocrx_word' id='word_1_136' title='bbox 859 2164 1016 2226; x_wconf 82' lang='lat' dir='ltr'>uersiuuli·</span> <span class='ocrx_word' id='word_1_137' title='bbox 1033 2164 1139 2226; x_wconf 86' lang='lat' dir='ltr'>littera</span> <span class='ocrx_word' id='word_1_138' title='bbox 1159 2163 1275 2228; x_wconf 78' lang='lat' dir='ltr'>obscu-</span> 
     </span>
    </p>

    <p class='ocr_par' dir='ltr' id='par_1_15' title="bbox 79 2259 1024 2348">
     <span class='ocr_line' id='line_1_18' title="bbox 79 2259 1024 2348; baseline -0.004 -18"><span class='ocrx_word' id='word_1_139' title='bbox 79 2279 151 2330; x_wconf 88' lang='lat' dir='ltr'>rata</span> <span class='ocrx_word' id='word_1_140' title='bbox 177 2277 249 2328; x_wconf 88' lang='lat' dir='ltr'>erat</span> <span class='ocrx_word' id='word_1_141' title='bbox 268 2267 494 2346; x_wconf 82' lang='lat' dir='ltr'>aut-perierat,</span> <span class='ocrx_word' id='word_1_142' title='bbox 521 2264 777 2328; x_wconf 84' lang='lat' dir='ltr'>iaeillimenasei</span> <span class='ocrx_word' id='word_1_143' title='bbox 801 2267 888 2348; x_wconf 83' lang='lat' dir='ltr'>potui</span> <span class='ocrx_word' id='word_1_144' title='bbox 910 2259 1024 2340; x_wconf 80' lang='grc' dir='ltr'>ιταλιὸς.</span> 
     </span>
    </p>
   </div>
   <div class='ocr_carea' id='block_1_3' title="bbox 172 2379 1275 2470">
    <p class='ocr_par' dir='ltr' id='par_1_16' title="bbox 172 2379 1275 2470">
     <span class='ocr_line' id='line_1_19' title="bbox 172 2379 1275 2470; baseline -0.001 -23"><span class='ocrx_word' id='word_1_145' title='bbox 172 2384 305 2447; x_wconf 69' lang='lat' dir='ltr'>uxum.</span> <span class='ocrx_word' id='word_1_146' title='bbox 331 2383 487 2447; x_wconf 81' lang='lat' dir='ltr'>Stobeeus</span> <span class='ocrx_word' id='word_1_147' title='bbox 503 2387 599 2448; x_wconf 72' lang='lat' dir='ltr'>uxrl&#39;l</span> <span class='ocrx_word' id='word_1_148' title='bbox 619 2379 1041 2470; x_wconf 77' lang='grc' dir='ltr'>ΜενάιθρααὙπαβαλιμαίαα</span> <span class='ocrx_word' id='word_1_149' title='bbox 1060 2385 1106 2466; x_wconf 78' lang='lat' dir='ltr'>(ut</span> <span class='ocrx_word' id='word_1_150' title='bbox 1119 2385 1275 2468; x_wconf 77' lang='lat' dir='ltr'>videtur).</span> 
     </span>
    </p>
   </div>
   <div class='ocr_carea' id='block_1_4' title="bbox 245 2501 1062 3328">
    <p class='ocr_par' dir='ltr' id='par_1_17' title="bbox 262 2501 1058 2814">
     <span class='ocr_line' id='line_1_20' title="bbox 262 2501 1058 2608; baseline 0 -24"><span class='ocrx_word' id='word_1_151' title='bbox 262 2513 427 2607; x_wconf 71' lang='grc' dir='ltr'>πανήγυριν</span> <span class='ocrx_word' id='word_1_152' title='bbox 450 2513 571 2604; x_wconf 81' lang='grc' dir='ltr'>νόρισόν</span> <span class='ocrx_word' id='word_1_153' title='bbox 594 2513 650 2584; x_wconf 87' lang='grc' dir='ltr'>τιν’</span> <span class='ocrx_word' id='word_1_154' title='bbox 676 2501 825 2585; x_wconf 66' lang='lat' dir='ltr'>sitiretis</span> <span class='ocrx_word' id='word_1_155' title='bbox 848 2511 957 2608; x_wconf 79' lang='grc' dir='ltr'>χρόνον</span> <span class='ocrx_word' id='word_1_156' title='bbox 1054 2597 1058 2606; x_wconf 32' lang='grc' dir='ltr'>Ι</span> 
     </span>
     <span class='ocr_line' id='line_1_21' title="bbox 262 2613 1005 2710; baseline -0.005 -23"><span class='ocrx_word' id='word_1_157' title='bbox 262 2616 296 2687; x_wconf 70' lang='grc' dir='ltr'>ὃν</span> <span class='ocrx_word' id='word_1_158' title='bbox 320 2647 399 2710; x_wconf 76' lang='grc' dir='ltr'>φημι</span> <span class='ocrx_word' id='word_1_159' title='bbox 420 2627 536 2700; x_wconf 81' lang='grc' dir='ltr'>τοῦτον,</span> <span class='ocrx_word' id='word_1_160' title='bbox 559 2614 618 2708; x_wconf 69' lang='grc' dir='ltr'>τὴν</span> <span class='ocrx_word' id='word_1_161' title='bbox 636 2615 796 2706; x_wconf 76' lang='grc' dir='ltr'>ἐπιδημίαν</span> <span class='ocrx_word' id='word_1_162' title='bbox 819 2613 893 2687; x_wconf 71' lang='lat' dir='ltr'>diu.</span> <span class='ocrx_word' id='word_1_163' title='bbox 999 2663 1005 2674; x_wconf 84' lang='lat'><strong>·</strong></span> 
     </span>
     <span class='ocr_line' id='line_1_22' title="bbox 262 2711 948 2814; baseline -0.003 -24"><span class='ocrx_word' id='word_1_164' title='bbox 262 2718 354 2814; x_wconf 85' lang='grc' dir='ltr'>αχλας</span> <span class='ocrx_word' id='word_1_165' title='bbox 377 2711 491 2812; x_wconf 78' lang='grc' dir='ltr'>αίγαρά</span> <span class='ocrx_word' id='word_1_166' title='bbox 497 2723 622 2790; x_wconf 79' lang='grc' dir='ltr'>κλέπται</span> <span class='ocrx_word' id='word_1_167' title='bbox 643 2725 765 2812; x_wconf 81' lang='grc' dir='ltr'>ιωβεῐαι</span> <span class='ocrx_word' id='word_1_168' title='bbox 787 2722 884 2812; x_wconf 83' lang='grc' dir='ltr'>διατρι</span> <span class='ocrx_word' id='word_1_169' title='bbox 886 2725 948 2812; x_wconf 61' lang='lat' dir='ltr'>pini.</span> 
     </span>
    </p>

    <p class='ocr_par' dir='ltr' id='par_1_18' title="bbox 263 2821 916 3122">
     <span class='ocr_line' id='line_1_23' title="bbox 264 2821 916 2952; baseline -0.002 -59"><span class='ocrx_word' id='word_1_170' title='bbox 264 2821 299 2893; x_wconf 78' lang='grc' dir='ltr'>ἂν</span> <span class='ocrx_word' id='word_1_171' title='bbox 322 2832 439 2952; x_wconf 82' lang='grc' dir='ltr'>πρῶτον</span> <span class='ocrx_word' id='word_1_172' title='bbox 463 2824 553 2925; x_wconf 76' lang='grc' dir='ltr'>αἰπίρς</span> <span class='ocrx_word' id='word_1_173' title='bbox 576 2822 754 2912; x_wconf 75' lang='grc' dir='ltr'>καταλύσεις</span> <span class='ocrx_word' id='word_1_174' title='bbox 779 2827 916 2914; x_wconf 85' lang='grc' dir='ltr'>βελτίονα</span> 
     </span>
     <span class='ocr_line' id='line_1_24' title="bbox 263 2910 913 3020; baseline -0.006 -23"><span class='ocrx_word' id='word_1_175' title='bbox 263 2920 404 3019; x_wconf 82' lang='grc' dir='ltr'>ἐφόδι’</span> <span class='ocrx_word' id='word_1_176' title='bbox 387 2955 467 3019; x_wconf 87' lang='grc' dir='ltr'>εχιαν</span> <span class='ocrx_word' id='word_1_177' title='bbox 491 2927 635 3020; x_wconf 75' lang='grc' dir='ltr'>απῆλθες,</span> <span class='ocrx_word' id='word_1_178' title='bbox 663 2910 774 3018; x_wconf 80' lang='grc' dir='ltr'>ἐχθρὸς</span> <span class='ocrx_word' id='word_1_179' title='bbox 797 2925 913 2995; x_wconf 87' lang='grc' dir='ltr'>αυδενί·</span> 
     </span>
     <span class='ocr_line' id='line_1_25' title="bbox 263 3027 925 3129; baseline -0.003 -29"><span class='ocrx_word' id='word_1_180' title='bbox 263 3031 537 3122; x_wconf 75' lang='grc' dir='ltr'>ὃπρασδιατρίβων</span> <span class='ocrx_word' id='word_1_181' title='bbox 562 3033 595 3098; x_wconf 82' lang='grc' dir='ltr'>δὲ</span> <span class='ocrx_word' id='word_1_182' title='bbox 617 3027 763 3129; x_wconf 85' lang='grc' dir='ltr'>ιιαπιαίσαις</span> <span class='ocrx_word' id='word_1_183' title='bbox 787 3029 925 3098; x_wconf 78' lang='grc' dir='ltr'>τἰπαίλεσε</span> 
     </span>
    </p>

    <p class='ocr_par' dir='ltr' id='par_1_19' title="bbox 245 3131 1049 3328">
     <span class='ocr_line' id='line_1_26' title="bbox 262 3131 907 3224; baseline -0.002 -22"><span class='ocrx_word' id='word_1_184' title='bbox 262 3144 363 3210; x_wconf 81' lang='grc' dir='ltr'>κακῶς</span> <span class='ocrx_word' id='word_1_185' title='bbox 385 3163 418 3203; x_wconf 90' lang='grc' dir='ltr'>τε</span> <span class='ocrx_word' id='word_1_186' title='bbox 440 3139 541 3224; x_wconf 72' lang='grc' dir='ltr'>γηρῶν</span> <span class='ocrx_word' id='word_1_187' title='bbox 564 3131 669 3221; x_wconf 75' lang='grc' dir='ltr'>ἐνδεής</span> <span class='ocrx_word' id='word_1_188' title='bbox 690 3160 742 3200; x_wconf 78' lang='lat' dir='ltr'>reu</span> <span class='ocrx_word' id='word_1_189' title='bbox 763 3135 907 3222; x_wconf 75' lang='grc' dir='ltr'>γίγνεται,</span> 
     </span>
     <span class='ocr_line' id='line_1_27' title="bbox 245 3232 1062 3328; baseline -0.002 -23"><span class='ocrx_word' id='word_1_190' title='bbox 245 3236 445 3328; x_wconf 64' lang='grc' dir='ltr'>,ῥεμβόμενος</span> <span class='ocrx_word' id='word_1_191' title='bbox 467 3235 576 3328; x_wconf 80' lang='grc' dir='ltr'>ἐχθρ</span> <span class='ocrx_word' id='word_1_192' title='bbox 546 3265 597 3312; x_wconf 87' lang='grc' dir='ltr'>αυς</span> <span class='ocrx_word' id='word_1_193' title='bbox 618 3232 705 3326; x_wconf 78' lang='grc' dir='ltr'>ηἷιρ,</span> <span class='ocrx_word' id='word_1_194' title='bbox 679 3235 782 3304; x_wconf 81' lang='grc' dir='ltr'>’ἐπε</span> <span class='ocrx_word' id='word_1_195' title='bbox 784 3240 873 3326; x_wconf 79' lang='grc' dir='ltr'>βεααλ</span> <span class='ocrx_word' id='word_1_196' title='bbox 875 3233 933 3324; x_wconf 58' lang='lat' dir='ltr'>dita</span> <span class='ocrx_word' id='word_1_197' title='bbox 956 3239 1062 3318; x_wconf 81' lang='grc' dir='ltr'>ποθέν,</span> 
     </span>
    </p>
   </div>
   <div class='ocr_carea' id='block_1_5' title="bbox 263 3337 879 3430">
    <p class='ocr_par' dir='ltr' id='par_1_20' title="bbox 263 3337 879 3430">
     <span class='ocr_line' id='line_1_28' title="bbox 263 3337 879 3430; baseline -0.007 -21"><span class='ocrx_word' id='word_1_198' title='bbox 263 3341 318 3409; x_wconf 78' lang='grc' dir='ltr'>οὐκ</span> <span class='ocrx_word' id='word_1_199' title='bbox 340 3337 514 3416; x_wconf 75' lang='grc' dir='ltr'>εὐθανάτως</span> <span class='ocrx_word' id='word_1_200' title='bbox 538 3337 672 3427; x_wconf 74' lang='grc' dir='ltr'>ἀπῆλθεν</span> <span class='ocrx_word' id='word_1_201' title='bbox 695 3343 737 3416; x_wconf 86' lang='grc' dir='ltr'>είς</span> <span class='ocrx_word' id='word_1_202' title='bbox 759 3337 879 3430; x_wconf 84' lang='grc' dir='ltr'>χρόνον.</span> 
     </span>
    </p>
   </div>
   <div class='ocr_carea' id='block_1_6' title="bbox 77 3488 1278 4694">
    <p class='ocr_par' dir='ltr' id='par_1_21' title="bbox 77 3488 1278 4694">
     <span class='ocr_line' id='line_1_29' title="bbox 78 3488 1277 3582; baseline -0.003 -18"><span class='ocrx_word' id='word_1_203' title='bbox 78 3523 181 3566; x_wconf 87' lang='lat' dir='ltr'>versu</span> <span class='ocrx_word' id='word_1_204' title='bbox 204 3501 303 3563; x_wconf 88' lang='lat' dir='ltr'>altero</span> <span class='ocrx_word' id='word_1_205' title='bbox 318 3498 479 3562; x_wconf 76' lang='lat' dir='ltr'>Adrianus</span> <span class='ocrx_word' id='word_1_206' title='bbox 494 3499 631 3578; x_wconf 81' lang='lat' dir='ltr'>lleringa</span> <span class='ocrx_word' id='word_1_207' title='bbox 647 3497 724 3560; x_wconf 83' lang='lat' dir='ltr'>obs.</span> <span class='ocrx_word' id='word_1_208' title='bbox 741 3517 786 3560; x_wconf 85' lang='lat' dir='ltr'>cr.</span> <span class='ocrx_word' id='word_1_209' title='bbox 805 3519 837 3578; x_wconf 90' lang='lat' dir='ltr'>p.</span> <span class='ocrx_word' id='word_1_210' title='bbox 856 3497 918 3560; x_wconf 73' lang='lat'>257</span> <span class='ocrx_word' id='word_1_211' title='bbox 941 3489 974 3560; x_wconf 79' lang='grc' dir='ltr'>θν</span> <span class='ocrx_word' id='word_1_212' title='bbox 997 3519 1077 3582; x_wconf 78' lang='grc' dir='ltr'>φημι</span> <span class='ocrx_word' id='word_1_213' title='bbox 1099 3500 1132 3560; x_wconf 92' lang='lat' dir='ltr'>in</span> <span class='ocrx_word' id='word_1_214' title='bbox 1148 3488 1277 3582; x_wconf 79' lang='grc' dir='ltr'>Εὔφηρε</span> 
     </span>
     <span class='ocr_line' id='line_1_30' title="bbox 80 3592 1278 3685; baseline -0.006 -16"><span class='ocrx_word' id='word_1_215' title='bbox 80 3603 274 3669; x_wconf 78' lang='lat' dir='ltr'>mutandum</span> <span class='ocrx_word' id='word_1_216' title='bbox 298 3623 367 3665; x_wconf 88' lang='lat' dir='ltr'>esse</span> <span class='ocrx_word' id='word_1_217' title='bbox 391 3603 540 3680; x_wconf 84' lang='lat' dir='ltr'>coniecit,</span> <span class='ocrx_word' id='word_1_218' title='bbox 566 3602 725 3664; x_wconf 86' lang='lat' dir='ltr'>Nauekius</span> <span class='ocrx_word' id='word_1_219' title='bbox 748 3602 780 3663; x_wconf 93' lang='lat' dir='ltr'>in</span> <span class='ocrx_word' id='word_1_220' title='bbox 800 3592 957 3685; x_wconf 79' lang='grc' dir='ltr'>Ὀνήσιμε,</span> <span class='ocrx_word' id='word_1_221' title='bbox 983 3600 1068 3681; x_wconf 87' lang='lat' dir='ltr'>quod</span> <span class='ocrx_word' id='word_1_222' title='bbox 1091 3602 1197 3662; x_wconf 88' lang='lat' dir='ltr'>neseio</span> <span class='ocrx_word' id='word_1_223' title='bbox 1219 3619 1278 3662; x_wconf 90' lang='lat' dir='ltr'>eur</span> 
     </span>
     <span class='ocr_line' id='line_1_31' title="bbox 78 3702 1276 3787; baseline -0.004 -16"><span class='ocrx_word' id='word_1_224' title='bbox 78 3708 264 3772; x_wconf 79' lang='lat' dir='ltr'>lleiueliius</span> <span class='ocrx_word' id='word_1_225' title='bbox 287 3707 339 3768; x_wconf 88' lang='lat' dir='ltr'>illo</span> <span class='ocrx_word' id='word_1_226' title='bbox 361 3716 525 3787; x_wconf 88' lang='lat' dir='ltr'>praestare</span> <span class='ocrx_word' id='word_1_227' title='bbox 548 3705 747 3767; x_wconf 82' lang='lat' dir='ltr'>iudicaverit.</span> <span class='ocrx_word' id='word_1_228' title='bbox 791 3723 919 3766; x_wconf 84' lang='lat' dir='ltr'>versum</span> <span class='ocrx_word' id='word_1_229' title='bbox 936 3713 1083 3784; x_wconf 87' lang='lat' dir='ltr'>quartum</span> <span class='ocrx_word' id='word_1_230' title='bbox 1100 3702 1276 3766; x_wconf 84' lang='lat' dir='ltr'>nonduma</span> 
     </span>
     <span class='ocr_line' id='line_1_32' title="bbox 77 3805 1275 3894; baseline -0.008 -17"><span class='ocrx_word' id='word_1_231' title='bbox 77 3829 245 3894; x_wconf 88' lang='lat' dir='ltr'>quoquam</span> <span class='ocrx_word' id='word_1_232' title='bbox 274 3808 483 3891; x_wconf 81' lang='lat' dir='ltr'>probabiliter</span> <span class='ocrx_word' id='word_1_233' title='bbox 513 3807 716 3870; x_wconf 89' lang='lat' dir='ltr'>emendatum</span> <span class='ocrx_word' id='word_1_234' title='bbox 748 3827 817 3870; x_wconf 88' lang='lat' dir='ltr'>esse</span> <span class='ocrx_word' id='word_1_235' title='bbox 847 3808 989 3869; x_wconf 87' lang='lat' dir='ltr'>memini.</span> <span class='ocrx_word' id='word_1_236' title='bbox 1036 3824 1109 3868; x_wconf 87' lang='lat' dir='ltr'>nam</span> <span class='ocrx_word' id='word_1_237' title='bbox 1131 3824 1173 3867; x_wconf 90' lang='lat' dir='ltr'>ne</span> <span class='ocrx_word' id='word_1_238' title='bbox 1197 3805 1275 3867; x_wconf 92' lang='lat' dir='ltr'>illud</span> 
     </span>
     <span class='ocr_line' id='line_1_33' title="bbox 79 3899 1271 3997; baseline -0.006 -20"><span class='ocrx_word' id='word_1_239' title='bbox 79 3915 218 3997; x_wconf 88' lang='lat' dir='ltr'>quidem</span> <span class='ocrx_word' id='word_1_240' title='bbox 249 3912 373 3974; x_wconf 82' lang='lat' dir='ltr'>admitti</span> <span class='ocrx_word' id='word_1_241' title='bbox 401 3921 506 3991; x_wconf 88' lang='lat' dir='ltr'>potest</span> <span class='ocrx_word' id='word_1_242' title='bbox 533 3910 617 3992; x_wconf 89' lang='lat' dir='ltr'>quod</span> <span class='ocrx_word' id='word_1_243' title='bbox 642 3909 819 3972; x_wconf 85' lang='lat' dir='ltr'>lleinekius</span> <span class='ocrx_word' id='word_1_244' title='bbox 841 3909 916 3971; x_wconf 89' lang='lat' dir='ltr'>olim</span> <span class='ocrx_word' id='word_1_245' title='bbox 939 3909 1089 3987; x_wconf 86' lang='lat' dir='ltr'>eouieeit‚</span> <span class='ocrx_word' id='word_1_246' title='bbox 1122 3899 1156 3971; x_wconf 75' lang='grc' dir='ltr'>ἂν</span> <span class='ocrx_word' id='word_1_247' title='bbox 1179 3902 1271 3991; x_wconf 76' lang='grc' dir='ltr'>πρῶτ’</span> 
     </span>
     <span class='ocr_line' id='line_1_34' title="bbox 78 4007 1276 4102; baseline -0.007 -21"><span class='ocrx_word' id='word_1_248' title='bbox 78 4015 173 4102; x_wconf 77' lang='grc' dir='ltr'>ἀπίῃς</span> <span class='ocrx_word' id='word_1_249' title='bbox 198 4016 229 4087; x_wconf 82' lang='grc' dir='ltr'>ἐς</span> <span class='ocrx_word' id='word_1_250' title='bbox 251 4011 440 4084; x_wconf 79' lang='grc' dir='ltr'>καταλύσεις.</span> <span class='ocrx_word' id='word_1_251' title='bbox 488 4033 525 4076; x_wconf 85' lang='lat' dir='ltr'>ae</span> <span class='ocrx_word' id='word_1_252' title='bbox 545 4015 684 4094; x_wconf 86' lang='lat' dir='ltr'>primurn</span> <span class='ocrx_word' id='word_1_253' title='bbox 708 4011 837 4092; x_wconf 89' lang='lat' dir='ltr'>quidem</span> <span class='ocrx_word' id='word_1_254' title='bbox 858 4009 1031 4075; x_wconf 80' lang='lat' dir='ltr'>dicendum</span> <span class='ocrx_word' id='word_1_255' title='bbox 1047 4019 1114 4073; x_wconf 91' lang='lat' dir='ltr'>erat</span> <span class='ocrx_word' id='word_1_256' title='bbox 1129 4009 1160 4082; x_wconf 75' lang='grc' dir='ltr'>ἐς</span> <span class='ocrx_word' id='word_1_257' title='bbox 1175 4007 1276 4073; x_wconf 81' lang='grc' dir='ltr'>κατά-</span> 
     </span>
     <span class='ocr_line' id='line_1_35' title="bbox 79 4113 1276 4199; baseline -0.009 -14"><span class='ocrx_word' id='word_1_258' title='bbox 79 4125 181 4184; x_wconf 88' lang='grc' dir='ltr'>λυσιν.</span> <span class='ocrx_word' id='word_1_259' title='bbox 228 4120 348 4199; x_wconf 87' lang='lat' dir='ltr'>quippe</span> <span class='ocrx_word' id='word_1_260' title='bbox 371 4115 541 4196; x_wconf 86' lang='lat' dir='ltr'>Euripides</span> <span class='ocrx_word' id='word_1_261' title='bbox 572 4135 643 4178; x_wconf 89' lang='lat' dir='ltr'>eum</span> <span class='ocrx_word' id='word_1_262' title='bbox 667 4116 699 4176; x_wconf 92' lang='lat' dir='ltr'>in</span> <span class='ocrx_word' id='word_1_263' title='bbox 724 4116 850 4177; x_wconf 79' lang='lat' dir='ltr'>Electra</span> <span class='ocrx_word' id='word_1_264' title='bbox 873 4135 901 4176; x_wconf 87' lang='grc' dir='ltr'>ι.</span> <span class='ocrx_word' id='word_1_265' title='bbox 920 4115 981 4176; x_wconf 86' lang='grc'>393</span> <span class='ocrx_word' id='word_1_266' title='bbox 1006 4115 1138 4176; x_wconf 84' lang='lat' dir='ltr'>Orestae</span> <span class='ocrx_word' id='word_1_267' title='bbox 1162 4114 1194 4176; x_wconf 92' lang='lat' dir='ltr'>in</span> <span class='ocrx_word' id='word_1_268' title='bbox 1218 4113 1276 4174; x_wconf 90' lang='lat' dir='ltr'>ho-</span> 
     </span>
     <span class='ocr_line' id='line_1_36' title="bbox 78 4210 1275 4306; baseline -0.007 -20"><span class='ocrx_word' id='word_1_269' title='bbox 78 4225 177 4306; x_wconf 85' lang='lat' dir='ltr'>spitis</span> <span class='ocrx_word' id='word_1_270' title='bbox 200 4221 328 4284; x_wconf 89' lang='lat' dir='ltr'>domum</span> <span class='ocrx_word' id='word_1_271' title='bbox 352 4222 519 4282; x_wconf 83' lang='lat' dir='ltr'>introitum</span> <span class='ocrx_word' id='word_1_272' title='bbox 542 4219 620 4281; x_wconf 89' lang='lat' dir='ltr'>haee</span> <span class='ocrx_word' id='word_1_273' title='bbox 642 4217 741 4280; x_wconf 87' lang='lat' dir='ltr'>verba</span> <span class='ocrx_word' id='word_1_274' title='bbox 757 4217 881 4296; x_wconf 84' lang='lat' dir='ltr'>tribuit,</span> <span class='ocrx_word' id='word_1_275' title='bbox 906 4210 1048 4299; x_wconf 75' lang='grc' dir='ltr'>δεξώμεθ’</span> <span class='ocrx_word' id='word_1_276' title='bbox 1068 4211 1159 4279; x_wconf 81' lang='grc' dir='ltr'>οἴκων</span> <span class='ocrx_word' id='word_1_277' title='bbox 1175 4238 1275 4279; x_wconf 81' lang='grc' dir='ltr'>κατα-</span> 
     </span>
     <span class='ocr_line' id='line_1_37' title="bbox 78 4319 1272 4406; baseline -0.008 -16"><span class='ocrx_word' id='word_1_278' title='bbox 78 4322 197 4402; x_wconf 77' lang='grc' dir='ltr'>λύσεις,</span> <span class='ocrx_word' id='word_1_279' title='bbox 222 4326 339 4406; x_wconf 81' lang='lat' dir='ltr'>tragico</span> <span class='ocrx_word' id='word_1_280' title='bbox 363 4341 508 4385; x_wconf 89' lang='lat' dir='ltr'>sermone</span> <span class='ocrx_word' id='word_1_281' title='bbox 531 4321 641 4398; x_wconf 89' lang='lat' dir='ltr'>utitur,</span> <span class='ocrx_word' id='word_1_282' title='bbox 667 4321 806 4400; x_wconf 91' lang='lat' dir='ltr'>quinon</span> <span class='ocrx_word' id='word_1_283' title='bbox 830 4322 970 4401; x_wconf 83' lang='lat' dir='ltr'>pertinet</span> <span class='ocrx_word' id='word_1_284' title='bbox 991 4319 1032 4382; x_wconf 86' lang='lat' dir='ltr'>ed</span> <span class='ocrx_word' id='word_1_285' title='bbox 1052 4319 1272 4382; x_wconf 83' lang='lat' dir='ltr'>Menandrum.</span> 
     </span>
     <span class='ocr_line' id='line_1_38' title="bbox 79 4421 1274 4502; baseline -0.008 -11"><span class='ocrx_word' id='word_1_286' title='bbox 79 4427 204 4492; x_wconf 87' lang='lat' dir='ltr'>deinde</span> <span class='ocrx_word' id='word_1_287' title='bbox 234 4445 275 4488; x_wconf 87' lang='lat' dir='ltr'>ne</span> <span class='ocrx_word' id='word_1_288' title='bbox 305 4426 336 4497; x_wconf 85' lang='grc' dir='ltr'>ἐς</span> <span class='ocrx_word' id='word_1_289' title='bbox 364 4421 526 4488; x_wconf 73' lang='grc' dir='ltr'>κατάλυσιν</span> <span class='ocrx_word' id='word_1_290' title='bbox 554 4421 684 4502; x_wconf 89' lang='lat' dir='ltr'>quidem</span> <span class='ocrx_word' id='word_1_291' title='bbox 713 4424 754 4484; x_wconf 81' lang='lat' dir='ltr'>ite</span> <span class='ocrx_word' id='word_1_292' title='bbox 785 4422 904 4486; x_wconf 84' lang='lat' dir='ltr'>dietum</span> <span class='ocrx_word' id='word_1_293' title='bbox 932 4431 1016 4485; x_wconf 88' lang='lat' dir='ltr'>esset</span> <span class='ocrx_word' id='word_1_294' title='bbox 1044 4433 1079 4485; x_wconf 92' lang='lat' dir='ltr'>ut</span> <span class='ocrx_word' id='word_1_295' title='bbox 1102 4423 1180 4484; x_wconf 87' lang='lat' dir='ltr'>utile</span> <span class='ocrx_word' id='word_1_296' title='bbox 1204 4441 1274 4482; x_wconf 89' lang='lat' dir='ltr'>esse</span> 
     </span>
     <span class='ocr_line' id='line_1_39' title="bbox 80 4525 1275 4609; baseline -0.007 -17"><span class='ocrx_word' id='word_1_297' title='bbox 80 4533 253 4595; x_wconf 80' lang='lat' dir='ltr'>videretur</span> <span class='ocrx_word' id='word_1_298' title='bbox 286 4529 474 4592; x_wconf 88' lang='lat' dir='ltr'>sententiae.</span> <span class='ocrx_word' id='word_1_299' title='bbox 528 4527 666 4608; x_wconf 87' lang='lat' dir='ltr'>denique</span> <span class='ocrx_word' id='word_1_300' title='bbox 699 4527 803 4609; x_wconf 85' lang='grc' dir='ltr'>πρῶτα</span> <span class='ocrx_word' id='word_1_301' title='bbox 830 4525 894 4588; x_wconf 90' lang='lat' dir='ltr'>diei</span> <span class='ocrx_word' id='word_1_302' title='bbox 923 4545 986 4588; x_wconf 90' lang='lat' dir='ltr'>non</span> <span class='ocrx_word' id='word_1_303' title='bbox 1017 4526 1135 4606; x_wconf 83' lang='lat' dir='ltr'>potuit,</span> <span class='ocrx_word' id='word_1_304' title='bbox 1173 4525 1275 4606; x_wconf 89' lang='lat' dir='ltr'>potuit</span> 
     </span>
     <span class='ocr_line' id='line_1_40' title="bbox 1007 4643 1064 4694; baseline 0 0"><span class='ocrx_word' id='word_1_305' title='bbox 1007 4643 1064 4694; x_wconf 70' lang='lat'>39*</span> 
     </span>
    </p>
   </div>
   <div class='ocr_carea' id='block_1_7' title="bbox 0 0 1630 5130">
    <p class='ocr_par' dir='ltr' id='par_1_22' title="bbox 0 0 1630 5130">
     <span class='ocr_line' id='line_1_41' title="bbox 0 0 1630 5130; baseline 0 0"><span class='ocrx_word' id='word_1_306' title='bbox 0 0 1630 5130; x_wconf 95' lang='lat' dir='ltr'> </span> 
     </span>
    </p>
   </div>
  </div>
 </body>
</html>
