3156 5132
511 482 680 544 Αιιιιιιαπι.
1144 465 1217 538 317

49 673 95 732 coh
115 691 212 753 ρουοα
242 672 336 734 verbo
364 673 573 756 coniunperet,
605 679 633 733 et
661 671 702 734 ad
731 678 902 733 eoetremnm
931 671 1033 733 ulcere
1055 669 1115 733 sibi
1134 671 1218 733 circo

46 793 150 836 sonam
171 777 293 857 spinam
315 783 386 838 noto
408 774 512 837 inedia
529 793 561 836 se
576 773 701 854 confecit
715 793 795 836 anne
811 775 919 836 oetotis
935 795 1028 837 nrrrr.
1066 774 1219 854 leguntur

46 897 74 938 ea
94 878 170 958 apud
194 880 298 959 ipsum
321 877 620 941 Reifferscheidium
645 898 677 958 p.
696 878 749 938 83.

117 981 176 1043 Sed
208 981 304 1044 redeo
334 983 376 1046 ed
399 981 540 1046 Caelium
562 979 782 1043 Aurelianum.
829 982 886 1062 qui
913 1001 984 1043 cum
1008 980 1058 1043 his
1081 1000 1219 1043 comme-

44 1095 275 1172 moretsocrum
297 1104 400 1161 more,
432 1085 538 1147 nescio
561 1103 636 1146 sane
660 1085 732 1165 quis
756 1085 798 1146 ita
820 1083 957 1164 dixerit,
983 1084 1041 1147 sed
1063 1084 1219 1147 Graecum

44 1184 127 1249 inisse
155 1198 279 1269 poetam
302 1208 364 1249 non
389 1187 511 1250 dubito.
560 1207 631 1248 nam
656 1205 749 1250 οοοτα
771 1187 877 1250 domos
900 1207 983 1269 quae
1005 1187 1134 1251 additur
1156 1189 1219 1250 Ho-

43 1293 143 1352 merica
168 1303 227 1369 est,
254 1291 288 1353 ii.
314 1311 343 1352 ιι
358 1292 412 1368 89,
437 1287 543 1361 οἴξασα
566 1291 667 1374 κληῖδι
689 1285 785 1376 δορὰς
809 1289 900 1375 ἱεροῖο
923 1285 1040 1376 δόμοιο.
1088 1291 1219 1354 fuerunt

43 1395 112 1453 enim
134 1395 328 1474 grammatici
353 1395 408 1474 qui
433 1395 484 1456 hic
506 1414 632 1475 quoque
656 1397 814 1457 somnium
837 1395 916 1458 iilud
939 1397 1133 1458 somniarent
1157 1415 1219 1476 qno

43 1497 79 1556 eis
105 1497 263 1578 quidquid
292 1517 455 1579 magnum⁴
473 1509 556 1560 esset
579 1517 702 1560 sacrum
727 1497 789 1559 dici
812 1518 904 1579 posse
927 1497 1108 1561 videbatur.
1156 1501 1219 1560 He-

43 1600 152 1679 sychius
169 1600 263 1686 ἱεροῖο
278 1595 402 1684 δόμοιο·
428 1603 512 1676 ionii,
539 1595 672 1685 μεγάλου
687 1595 783 1664 οἴκου.
816 1600 956 1681 denique
971 1604 1111 1683 ‚tragicus
1126 1613 1218 1682 poeta

43 1721 120 1780 quem
144 1705 271 1765 Caelius
300 1703 376 1765 dicit
405 1723 525 1766 sacram
557 1714 681 1766 noctem
710 1706 769 1766 hoc
796 1715 845 1767 est
873 1724 1018 1785 magnam
1041 1705 1218 1787 adpeiiasse

44 1804 198 1887 Euripides
228 1817 293 1884 est,
325 1809 416 1869 cuins
437 1806 641 1870 Andromeda
664 1810 764 1871 noctis
787 1807 1018 1889 longitudinem
1041 1827 1220 1889 conquere-

42 1907 129 1987 batur,
154 1928 349 1990 quamquam
373 1919 542 1992 propterea
566 1929 634 1972 eam
657 1931 778 1974 sacram
801 1911 977 1992 adpellasse
994 1921 1118 1973 noctem
1136 1911 1219 1998 idem

43 2011 105 2073 iliud
131 2014 410 2094 grammaticorum
440 2015 596 2076 somnium
626 2024 686 2076 est.
734 2016 834 2077 utitur
864 2012 1041 2094 Euripidiis
1071 2013 1219 2076 versibus

44 2115 236 2178 hnesilochus
258 2117 478 2198 Aristophanis
501 2119 533 2179 io
556 2118 888 2198 Thesmophorienusis
911 2118 1109 2198 nitidos,

362 2210 387 2282 οἵ
411 2214 473 2290 Νὺξ
496 2217 574 2305 ἱερά,

359 2317 398 2395 ὡς
420 2318 534 2408 μακρὸν
556 2319 691 2408 ἵππευμα
713 2318 833 2396 διώκεις

358 2421 551 2512 ἀστεροειδέα
573 2431 654 2491 νῶτα
678 2422 850 2513 διφρεύουσ’

361 2529 484 2615 αἰθέρος
507 2530 588 2614 ἱερᾶς

357 2636 410 2697 τοῦ
433 2628 612 2717 σεμνοτάτου
636 2628 675 2697 δι’
700 2623 872 2718 Ὀὶιιῖμπου.Ι

44 2747 97 2796 erat
124 2749 229 2800 autern
261 2737 338 2798 haec
361 2738 465 2799 Noctis
493 2738 646 2799 invocatio
670 2739 774 2818 ipsum
797 2737 979 2818 tragoediae
1003 2737 1127 2799 initium
1151 2738 1258 2816 vehet

45 2851 69 2898 nt
88 2841 268 2902 scholiastes
291 2841 443 2920 loquitur,
467 2845 519 2904 τοῦ
541 2834 690 2925 προλόγου
709 2835 907 2926 Ἀνδρομέδας
928 2836 1063 2925 εἰσβολή.
1102 2840 1161 2903 sed
1176 2839 1217 2903 de

44 2940 82 3001 his
103 2942 246 3006 versibus
270 2963 332 3004 non
355 2945 502 3006 convenit
526 2947 603 3006 mihi
627 2964 698 3007 curn
715 2944 815 3006 doctis
831 2942 1024 3007 hominibus.
1065 2944 1218 3026 Bergkius

43 3046 127 3123 enirn,
145 3066 239 3128 quem
257 3048 414 3109 Nanchius
431 3049 587 3128 sequitur,
607 3043 721 3132 μακρὸν
737 3041 778 3119 ὡς
792 3043 926 3131 ἵππευμα
942 3041 1061 3120 διώκεις
1077 3049 1215 3129 scripsit,

44 3147 203 3213 hicinekius
231 3154 295 3222 πῶς
329 3145 442 3235 μακρὸν
471 3147 606 3235 ἵππευμα
635 3146 765 3223 διώκεις.
820 3151 983 3214 dissuadet
1013 3153 1218 3214 mutationem

44 3251 211 3316 schoiiastes
234 3255 409 3333 Theocriti,
443 3257 497 3334 qui
527 3255 566 3316 ad
590 3254 735 3336 idyllinm
758 3275 780 3316 ιι
799 3255 859 3315 166
882 3265 948 3317 tres
970 3256 1093 3337 priores
1115 3256 1219 3316 versi-

44 3355 117 3416 culos
138 3356 248 3419 eodem
272 3357 442 3420 verborum
465 3357 577 3420 ordine
600 3357 769 3439 adscripsit
792 3378 854 3439 quo
876 3358 962 3440 apud
978 3359 1226 3440 Aristophanem·

46 3455 177 3534 leguntur
207 3481 311 3541 neque
334 3463 398 3532 πῶς
421 3459 517 3522 habet
540 3461 596 3522 sed
620 3455 713 3544 ὡς’).
760 3461 864 3524 adfert
886 3472 992 3524 autem
1015 3461 1084 3524 illos
1108 3480 1220 3524 versus

47 3569 74 3618 ut
87 3561 241 3644 Euripidis
265 3583 370 3644 neque
395 3563 506 3625 idonea
531 3583 624 3627 causa
648 3575 696 3627 est
715 3584 772 3628 cur
786 3574 935 3646 putemus
951 3585 1043 3627 usum
1060 3583 1133 3626 eum
1149 3583 1219 3627 esse

46 3679 97 3722 non
113 3665 270 3747 Euripidis
293 3666 399 3729 fabula
424 3668 473 3729 vel
493 3669 683 3748 antiquioris
698 3669 832 3730 alicuius
848 3669 1041 3749 grammatici
1058 3686 1220 3729 commen-

46 3767 113 3826 tario
126 3769 179 3831 sed
193 3769 366 3852 depravato
378 3770 771 3851 Thesmophoriazusarum
785 3771 971 3852 exemplari.
1001 3790 1107 3852 neque
1120 3773 1220 3850 magis

47 3867 143 3933 idonea
171 3893 264 3936 causa
288 3885 337 3935 est
359 3893 415 3935 cur
436 3885 568 3956 propter
593 3877 802 3956 interruptam
825 3893 1031 3937 numerorum
1054 3876 1220 3936 continua-

47 3969 147 4034 tionem
163 3977 193 4038 in
210 3977 350 4038 carmine
367 3976 531 4058 Euripidis
548 3979 718 4058 quicquam
735 3989 888 4041 mutetur.
921 3979 998 4038 satis
1014 3978 1098 4040 enim
1116 3978 1220 4039 hiatus

121 4179 141 4242 ‘i
155 4177 305 4248 <Euripidis
329 4183 409 4234 verhn
435 4181 595 4252 ἀστεροειδέα
617 4191 687 4236 νῶτα
711 4181 859 4255 διφρεὺοοσ’
882 4181 984 4254 αἵδέρος
1008 4181 1076 4252 ἱερᾶς
1095 4182 1221 4247 leguntur

49 4261 117 4311 otiam
139 4267 161 4316 io
184 4268 368 4332 Etymoiogico
395 4271 514 4320 Parisino
539 4271 657 4322 Crameri
682 4271 876 4322 haecdicit
901 4275 927 4322 et
950 4283 1034 4335 prope
1058 4270 1165 4320 accedit
1185 4268 1220 4319 ed

50 4343 120 4398 Caelii
141 4352 286 4406 doctrinam
312 4356 396 4406 schot.
417 4357 452 4406 ed
472 4356 625 4408 Oribesium
644 4362 662 4408 t.
678 4371 706 4409 ιιι
725 4372 750 4423 ρ.
766 4361 814 4408 eat
840 4355 908 4426 ἱερὰν
933 4353 961 4408 δὲ
984 4353 1058 4408 νόσον
1077 4353 1137 4407 ἔνιοι
1154 4353 1221 4407 κατὰ

49 4427 120 4501 ’ῥοδῆ
141 4436 208 4501 δόξαν
235 4441 371 4509 ὠνόμασαν
397 4443 432 4499 ὡς
457 4439 487 4493 ἐκ
512 4440 582 4494 heico
607 4441 686 4514 χόλου
710 4441 878 4514 γιγνομένην·
908 4442 983 4513 ἱερὸν
997 4441 1045 4512 γὰρ
1062 4440 1174 4512 πέλαγος
1191 4441 1220 4493 τδ

51 4515 108 4585 μέμ
127 4521 202 4594 ἔλεγεν
223 4529 247 4592 (Ι.
269 4528 365 4599 ἔλεγον)
394 4527 454 4581 ὅθεν
472 4528 516 4581 καὶ
534 4529 602 4600 παρὰ
619 4529 657 4600 τῷ
668 4529 764 4602 ποιητῇ
792 4529 863 4600 ’ἵερή
881 4527 905 4588 ἲς
923 4525 1106 4600 Τηλεμάχοιο’
1130 4526 1219 4580 καὶτὸ

52 4603 111 4670 miti
125 4609 156 4678 τῷ
169 4615 278 4684 τραγικῷ
292 4614 352 4676 *νὺξ
371 4607 446 4684 ἵερά’,
468 4613 583 4685 ἐπιφέρει
601 4621 661 4687 γοῦν
683 4618 732 4674 ‘ez
752 4616 849 4684 μακρὸν
867 4613 984 4686 ἵππευμα
1003 4607 1141 4676 διώκεις’)

101 4703 201 4762 διτριίὶ
213 4715 325 4767 opuscolo
341 4715 382 4756 111.
979 4721 1010 4770 21
