3178 5136
592 385 702 480 Vilius.¹
1165 405 1237 477 503

65 623 128 666 eum
150 604 264 668 Tibulli
293 607 403 686 elegiis
431 606 562 668 aliorum
590 607 686 668 trium
717 617 879 686 poetarum
908 608 1048 670 carmina
1074 609 1239 670 coniuncta

65 717 131 770 suat
153 710 369 770 Lachmannus
399 710 476 770 scite
499 707 688 788 significavit
715 728 786 770 cum
812 727 895 772 anno
918 728 1100 772 mcccxxxvr
1124 709 1164 771 de
1186 712 1239 771 Ti-

64 809 141 871 bullo
163 811 286 872 llisscni
310 809 462 873 iudicium
485 811 572 890 tulit,
598 811 715 872 leniter
736 811 921 892 admodum,
953 821 1061 893 utpote
1084 812 1124 875 de
1147 814 1238 875 amici

64 911 146 973 libro.
193 913 382 993 significavit
404 923 508 974 autem
532 911 565 973 id
588 930 714 993 quoque
736 913 956 994 probabiliter,
979 915 1096 977 lactum
1119 915 1152 978 id
1168 901 1237 978 esse

63 1026 277 1094 postmortem
301 1016 429 1087 Corvini
451 1026 505 1078 aut
526 1025 612 1077 certe
635 1026 799 1096 postquam
823 1018 1005 1079 memoriam
1034 1018 1149 1078 amisit.
1198 1017 1238 1080 de

63 1137 117 1198 qua
139 1137 173 1180 re
189 1136 271 1199 quae
286 1118 475 1180 brevissime
490 1117 572 1180 dixit
587 1119 657 1180 nolo
678 1137 764 1180 nunc
784 1118 918 1182 uberius
939 1138 1100 1198 enarrare,
1126 1139 1239 1200 quam-

63 1239 149 1300 quam
171 1231 280 1302 postea
308 1222 492 1284 verissimae
515 1224 691 1284 sententiae
714 1220 755 1282 ab
776 1221 847 1284 aliis
869 1221 1068 1285 incredibilia
1099 1222 1237 1284 admixta

65 1333 147 1404 sunt,
181 1342 235 1386 eos
264 1333 369 1386 autem
399 1325 455 1404 qui
484 1311 595 1404 nuper¹
627 1322 667 1384 de
697 1325 857 1388 Messallae
886 1325 1012 1386 Corvini
1042 1324 1238 1406 temporibus
1249 1335 1278 1382 tl

62 1428 250 1507 scripserunt
265 1426 318 1488 illa
333 1445 414 1506 quae
431 1426 647 1489 Lachmaunus
662 1427 850 1507 significavit
865 1427 931 1489 lere
955 1429 1115 1508 ignorasse
1132 1426 1234 1490 video.

63 1531 90 1590 in
111 1529 203 1592 huius
225 1529 324 1609 igitur
346 1529 481 1610 sylloges
503 1527 585 1590 libro
607 1529 717 1590 ultimo
740 1547 813 1610 pars
835 1531 1010 1592 carminum
1036 1528 1077 1591 ad
1098 1549 1237 1592 amorem

62 1632 211 1711 Sulpiciae
236 1642 269 1694 et
291 1631 434 1694 Cerinthi
456 1632 612 1711 pertinet,
636 1651 732 1711 quem
757 1632 942 1694 Corinthum
965 1651 982 1694 a
1005 1631 1127 1695 Tibullo
1147 1635 1236 1696 1129

62 1733 149 1794 et3l
179 1753 254 1796 vero
277 1735 403 1796 nomine
427 1733 600 1796 Cornacum
629 1733 747 1795 dictum
778 1753 847 1796 esse
875 1734 950 1796 libri
978 1734 1074 1796 fidem
1103 1736 1233 1815 iaciunt,

61 1837 217 1917 ipsiusque
240 1836 399 1916 Sulpiciae
423 1838 568 1916 quinque
596 1845 669 1897 sunt
698 1836 850 1917 elegidia,
882 1856 944 1899 non
973 1837 1142 1901 invenusta
1164 1839 1237 1918 qui-

60 1939 135 2017 dem,
153 1938 211 2001 sed
224 1959 298 2001 cum
313 1937 429 2000 Tibulli
444 1949 512 2000 arte
528 1957 591 1999 non
607 1939 817 2019 conparanda,
843 1950 876 2001 ct
889 1950 981 2002 crant
997 1941 1048 2002 illa
1063 1942 1098 2001 in
1113 1951 1237 2002 vetusto

61 2039 133 2102 libro
162 2042 281 2104 Cuiaoii
310 2041 351 2102 ab
379 2042 465 2103 illius
491 2041 687 2104 carminibus
716 2043 873 2122 Sulpiciae
908 2043 1036 2104 nomine
1070 2041 1233 2106 distincta:

60 2163 115 2206 non
137 2145 393 2207 curamusenim
415 2146 546 2224 eosqui
569 2163 610 2206 na
634 2145 684 2206 bic
713 2143 843 2224 quidem
871 2145 1047 2226 simplicem
1070 2146 1237 2207 veritatem

60 2247 245 2328 adgnoscere
279 2264 375 2328 quam
416 2249 528 2328 nugari
566 2246 757 2309 maluerunt.
811 2248 843 2308 in
881 2267 990 2310 eorum
1027 2247 1236 2328 elegidiorum

60 2351 152 2429 primo
179 2351 219 2432 (rr
236 2349 265 2430 8)
293 2349 434 2430 Sulpicia
456 2350 602 2429 queritur
624 2348 709 2429 quod
732 2349 874 2412 Corinthi
897 2349 983 2412 diem
1006 2351 1142 2412 natalem
1165 2353 1234 2413 sine

60 2463 218 2515 coactura
241 2453 291 2531 sit,
318 2471 373 2513 rus
395 2453 489 2513 nimis
511 2470 605 2531 saepe
634 2450 769 2514 abducta
798 2471 816 2514 a
838 2454 990 2515 Messalla.
1038 2453 1119 2515 hanc
1141 2455 1237 2533 igitur

60 2556 238 2636 Sulpician,
271 2573 365 2634 quam
395 2554 536 2616 llassalla
565 2572 619 2616 rus
647 2573 755 2616 secum
782 2554 944 2617 abducere
974 2554 1111 2632 solebat,
1141 2573 1236 2635 quam

59 2657 203 2736 Tibullus,
229 2657 390 2719 llessallae
413 2658 542 2734 amicus,
567 2655 761 2718 carminibus
783 2655 966 2735 celebravit,
991 2659 1081 2720 cuius
1096 2657 1235 2737 denique

58 2763 187 2823 carmina
211 2781 229 2822 e
250 2760 412 2822 Messallae
435 2759 526 2820 domo
549 2759 633 2821 edita
659 2779 729 2821 esse
753 2759 918 2838 videntur,
951 2761 978 2822 si
1007 2759 1116 2822 dixero
1139 2761 1234 2820 liliam

59 2862 146 2926 luisse
165 2865 308 2926 Valeriae
332 2863 429 2941 illius,
454 2863 666 2924 llessallarum
689 2863 814 2940 sororis,
840 2863 1009 2941 protulisse
1031 2862 1108 2923 mihi
1125 2861 1235 2922 videor

59 2966 135 3046 (mod
163 2987 274 3029 omnes
303 2967 335 3027 in
364 2985 399 3027 se
433 2965 529 3026 habet
557 2964 790 3045 probabilitatis
823 2983 982 3027 numeros.
1030 2966 1146 3026 etenim
1176 2962 1235 3025 luit

59 3071 119 3150 illa,
143 3082 178 3134 ut
206 3073 275 3151 ipsa
298 3068 376 3131 dicit
404 3069 442 3148 (rr
458 3069 496 3127 ⁴0
515 3068 566 3149 ll,
593 3071 686 3130 Servi
709 3069 776 3148 filio
799 3069 947 3149 Sulpico.
995 3085 1099 3148 neque
1123 3085 1234 3148 magno

59 3192 145 3253 opere
174 3171 387 3236 dubitandum
418 3189 487 3234 esse
515 3170 644 3234 videtur
672 3172 744 3251 quis
773 3172 825 3233 ille
849 3171 944 3233 luerit
966 3172 1036 3233 Ser.
1061 3171 1231 3250 Sulpicius.

59 3293 113 3338 oon
141 3278 202 3340 luit
228 3277 297 3338 Sar.
330 3275 488 3356 Sulpicius
519 3272 634 3352 liuius,
667 3275 773 3336 consul
803 3292 885 3336 anno
907 3293 1017 3364 occur,
1048 3274 1152 3335 clarus
1181 3272 1233 3333 ille

60 3379 293 3461 iurisperitus:
326 3397 398 3439 nam
422 3395 551 3438 uxorem
575 3378 644 3439 eius
674 3376 770 3438 luisse
794 3377 981 3438 Postumiam
1007 3386 1144 3438 constat:
1177 3374 1234 3438 sod

59 3482 129 3542 nihil
149 3483 246 3564 plane
269 3480 371 3542 obstat
393 3480 562 3559 quominus
584 3479 758 3558 Valeriam,
782 3480 822 3539 ll.
841 3479 956 3541 Valerii
979 3478 1139 3540 llessallae
1156 3478 1233 3541 Cor-

59 3585 117 3646 vini
138 3603 293 3664 sororem,
325 3583 422 3644 luisse
446 3580 587 3643 dicamus
609 3601 739 3644 uxorem
768 3581 823 3642 lilii
852 3581 922 3644 eius
944 3581 1138 3661 cognominis
1161 3581 1229 3643 Ser.

59 3685 180 3767 Sulpicii
203 3686 285 3748 auli.
331 3703 426 3766 quem
450 3703 520 3746 curn
543 3685 679 3746 sciamus
700 3702 783 3745 anno
806 3703 888 3745 ocxcr
911 3703 982 3744 cum
1005 3685 1044 3744 ll.
1064 3683 1178 3744 Catone
1202 3692 1233 3744 et

59 3787 109 3850 Cn.
133 3791 290 3854 Postumio
312 3788 557 3868 subscriptorem
580 3785 694 3865 luisse,
721 3797 752 3848 et
774 3787 1010 3848 adulescentem
1033 3784 1173 3864 quidem,
1198 3794 1234 3847 ut

59 3890 254 3956 Cicerocum
277 3891 415 3972 adpellat
442 3889 507 3971 (pro
530 3891 658 3951 llurena
681 3887 788 3972 554),
814 3907 884 3951 cum
907 3898 998 3968 pater
1019 3891 1052 3948 L.
1070 3889 1232 3950 Murenam

59 3997 218 4075 accusavit,
242 3993 376 4075 adparet
398 4003 505 4054 nalum
530 3991 627 4055 luisse
650 4011 733 4054 anno
757 3990 823 4053 lere
845 4009 970 4052 ποιων
992 3989 1152 4070 filiamque
1175 4009 1233 4070 po-

60 4099 147 4160 tuisse
168 4098 289 4160 babere
312 4115 406 4177 quam
429 4094 571 4158 Tibullus
593 4093 786 4156 carminibus
808 4093 991 4156 celebravit.

136 4203 234 4264 Llllll.
282 4199 440 4262 Ausonius
462 4198 605 4278 Epistula
628 4197 669 4260 22
685 4195 726 4258 27

253 4311 282 4366 et
301 4321 383 4364 auae
401 4303 529 4382 parauit
550 4301 683 4364 triticum
705 4317 791 4362 casco
812 4301 878 4363 sale

296 4421 450 4485 novosque
468 4404 560 4485 pollet
582 4419 733 4484 emporus.

60 4506 111 4568 hoc
136 4511 250 4572 Tollius
275 4509 413 4588 sumpsit
442 4526 482 4568 ax
511 4505 591 4567 libro
618 4506 782 4582 vossiano,
813 4521 884 4565 cum
913 4503 965 4564 alii
996 4501 1231 4581 depravatiores
