3252 5130
351 401 425 474 596
740 415 783 476 Ex
805 433 901 477 urum
926 417 1132 478 Ennomuexsr.

350 595 420 686 θήν.
468 602 588 684 quibus
611 623 704 666 usum
727 621 797 666 esse
822 603 1047 666 Callimachum
1070 604 1213 686 adparet.
1263 607 1371 686 itaque
1393 603 1486 675 liele:
1500 615 1525 666 et

349 703 435 770 ἔλαια
458 707 491 767 in
515 703 588 769 lle'c
610 704 760 769 mutanda
784 718 869 770 sunt.

436 797 583 871 Scholion
607 812 640 870 in
663 827 695 870 ν.
721 808 784 871 ’422
807 803 968 893 θεράποντ’
995 801 1093 895 ἀ’ρνιν·
1126 805 1191 872 ἐπεὶ
1219 804 1366 882 πολλάκις
1388 804 1524 892 εἰόλλαρέν

348 932 432 984 τινας
453 913 511 975 τῶν
527 905 719 997 deperdat-ort
735 905 906 984 καλόποδας
922 908 1086 997 λέγεινκαὶ
1103 911 1345 985 καλοιωνίατοας.
1387 932 1448 974 non
1461 915 1525 974 satis

350 1015 502 1078 adcurate
533 1023 581 1076 est
608 1013 686 1076 haec
716 1017 895 1096 explicatio.
942 1017 1091 1078 nimirum
1121 1035 1162 1079 ex
1191 1018 1319 1078 nomine
1347 1018 1527 1078 occurrentis

349 1119 430 1180 forte
452 1120 537 1180 servi
560 1135 653 1180 omen
676 1118 874 1199 capiebatur.
922 1118 978 1181 sed
1009 1113 1181 1191 καλόποδας
1212 1120 1328 1181 iniuria
1359 1128 1526 1199 suspectum

351 1222 410 1284 luit
432 1222 591 1303 Stephano
616 1223 648 1283 in
671 1221 843 1284 Thesauro.
891 1223 993 1285 simile
1016 1233 1064 1284 est
1083 1215 1266 1306 Ἀγαθόπονς
1288 1241 1417 1300 nomen,
1449 1222 1527 1284 cuius

349 1325 447 1387 multa
470 1324 615 1405 exempla
631 1326 806 1387 Pearsonus
821 1327 854 1386 in
870 1327 982 1405 ignatii
998 1325 1157 1406 Epistulas
1173 1345 1207 1406 p.
1228 1326 1266 1386 49
1283 1327 1348 1388 Sm.
1368 1327 1525 1405 congessit.

350 1427 434 1490 idem
458 1429 632 1490 Pearsonns
655 1445 696 1488 ex
718 1429 843 1488 Maximi
866 1427 1083 1490 Madaurensis
1106 1428 1241 1508 epistula
1264 1426 1305 1490 ad
1327 1427 1526 1508 Augustinnm

354 1530 443 1611 (hug.
462 1532 521 1610 Ep.
541 1529 590 1610 ll)
618 1528 697 1591 haec
718 1531 834 1609 attulit,
859 1533 938 1592 Num
956 1530 1069 1592 Plocio
1085 1531 1158 1612 quid
1172 1531 1260 1592 oldad
1274 1531 1425 1613 sacrificat
1446 1547 1524 1609 quom

347 1633 418 1694 boni
436 1633 523 1713 pedis
545 1631 710 1708 homiuem,
741 1632 773 1693 id
791 1637 840 1694 'est
867 1633 955 1694 eot'ca
982 1633 1132 1694 advectio
1154 1631 1280 1713 adserat
1301 1632 1419 1712 cliptid
1436 1631 1525 1711 felici·

347 1737 444 1798 tntis?
486 1736 566 1798 sicut
586 1735 717 1797 solemus
739 1735 840 1797 dicere
861 1735 991 1798 recondo
1010 1736 1086 1816 pede
1102 1737 1254 1798 introiisse
1272 1737 1362 1797 euius
1385 1735 1524 1796 merom

344 1840 537 1920 prosperitas
560 1839 665 1920 aliquo
679 1846 839 1900 consecuto
860 1824 911 1901 ait.
951 1841 1098 1919 sequitur
1112 1837 1198 1920 apud
1212 1836 1453 1918 Aristophanem
1468 1827 1524 1898 ὅναι

287 1961 333 2010 ιιι
347 1932 440 2025 ὄρνιν,
465 1939 550 2022 quod
566 1939 705 2002 absurdo
721 1941 838 2003 scholio
854 1942 1042 2022 explicatur,
1068 1940 1109 2004 de
1126 1929 1195 2021 quc'
1212 1940 1279 2004 dixi
1297 1942 1330 2002 in
1344 1939 1525 2020 praelatione

346 2044 463 2106 indicis
485 2045 657 2107 lectionum
680 2043 754 2107 inde
777 2043 818 2106 ab
840 2053 991 2106 autumno
1014 2045 1089 2106 anni
1107 2061 1277 2106 unccccxm
1294 2043 1430 2106 Berolini
1447 2041 1525 2104 hahi-

349 2158 466 2209 tarum.

435 2267 497 2328 CX.
545 2265 718 2348 Euripides
745 2267 778 2328 in
802 2267 965 2348 Iphigenia
988 2268 1119 2330 Taurica
1141 2286 1173 2326 v.
1199 2266 1260 2327 35l
1285 2285 1328 2327 ss.

579 2395 649 2468 ἀλλ’
676 2395 745 2469 οὔτε
766 2407 886 2487 πνεῦμα
908 2397 1017 2467 Διόθεν
1038 2394 1116 2486 dille
1137 2396 1269 2480 πώποτε,

576 2501 611 2570 ct’t
632 2503 762 2592 πορῦρλς
783 2499 848 2591 ἥτις
873 2502 924 2570 διὰ
944 2507 1054 2592 πέτρας
1077 2501 1300 2590 Συμπληγάδας

569 2604 697 2694 Ἑλένην
721 2603 856 2694 ἀπήγαγ’
883 2603 1005 2686 ἐνθάδ’,
1029 2601 1049 2692 ἥ
1074 2604 1106 2694 μ’
1135 2602 1301 2684 ἀπώλειαν,

578 2707 736 2777 Μενέλεών
760 2706 810 2790 h‘,
834 2707 874 2776 ἵν’
902 2706 1009 2784 αὐτοὺς
1032 2707 1331 2796 ἀντετιμωρησάμην.

345 2870 458 2914 censeo
481 2844 615 2934 ἀπήγαγ’
643 2851 677 2912 in
699 2844 829 2935 ἐπήγαγ’
857 2869 926 2913 esse
948 2849 1147 2912 mutandum.
1188 2849 1303 2912 Phoen.
1329 2869 1360 2911 v.
1380 2849 1440 2910 905
1460 2840 1519 2908 παῦ’

347 2975 409 3017 στιν
433 2945 612 3029 Μενοικεύς,
635 2945 667 3024 ὅς
691 2975 728 3036 με
752 2947 835 3037 δεῦρ’
860 2947 1028 3037 eriperem

432 3073 508 3135 cxl.
556 3073 685 3135 lnitium
700 3073 892 3136 Baccharum
908 3071 1072 3153 Euripidis
1087 3075 1133 3134 sic
1148 3074 1304 3152 scriptum
1319 3083 1367 3134 est
1385 3075 1415 3133 in
1430 3069 1517 3142 libris,
1599 3133 1600 3140 γ

338 3167 431 3238 Ἥκω
454 3169 523 3246 Διὸς
545 3175 615 3248 παῖς
637 3169 726 3260 ιη’νδε
749 3173 891 3261 Θηβαίων
914 3168 1013 3260 χθόνα
1036 3169 1189 3249 Διόνυσος,
1215 3185 1246 3238 et
1262 3174 1380 3236 habent
1396 3169 1520 3258 Θηβαίων

345 3279 439 3340 etiam
463 3277 603 3339 scholion
626 3280 659 3340 in
682 3279 839 3341 Troadum
862 3297 893 3339 ν.
922 3280 932 3338 4
962 3286 994 3340 et
1016 3279 1240 3358 grammaticus
1254 3275 1476 3339 Ambrosianus
1494 3277 1519 3334 in

346 3383 438 3443 Keilii
462 3379 622 3444 Analectis
646 3403 678 3462 p.
700 3382 751 3443 44.
791 3379 928 3465 Θηβαίαν
945 3382 1060 3461 legitur
1075 3380 1162 3462 apud
1176 3381 1374 3443 scholiastam
1391 3379 1519 3460 Hephae·

345 3486 456 3546 stionis
479 3505 511 3565 p.
539 3485 598 3545 483
622 3495 654 3547 et
676 3483 761 3564 apud
785 3485 979 3546 Priscianum
1001 3493 1025 3544 t.
1052 3503 1085 3545 u.
1111 3505 1144 3564 p.
1165 3483 1220 3544 454
1243 3485 1280 3544 ll.
1328 3481 1518 3560 sedentique
1598 3487 1599 3492 ’

264 3621 271 3640 .
345 3590 495 3650 Prisciani
513 3589 706 3667 exemplaria
720 3605 784 3648 non
799 3580 899 3672 χθόνα
913 3586 1043 3664 habent,
1070 3605 1182 3649 verum
1197 3581 1324 3663 ΚΑΤΑ,
1350 3583 1433 3666 quod
1447 3583 1519 3645 illinc

344 3701 448 3753 crtum
472 3709 541 3752 csse
565 3692 634 3751 veri
656 3708 720 3751 non
743 3689 912 3752 admodum
929 3689 1033 3751 simile
1049 3699 1107 3750 est.
1147 3708 1247 3769 quare
1266 3708 1383 3750 uereor
1404 3707 1443 3750 ne
1463 3687 1518 3746 Pri-

343 3795 469 3856 scianus
492 3794 655 3873 scripserit
669 3786 759 3875 τήνδε
775 3788 912 3875 Θηβαίαν
933 3785 1046 3854 πλάκα.
1089 3791 1176 3853 nulla
1198 3809 1275 3854 sane
1298 3809 1392 3854 causa
1413 3799 1518 3853 esteur

343 3890 442 3982 χθόνα
466 3894 665 3977 inprobetur,
691 3894 748 3957 sed
771 3894 855 3956 volui
880 3893 1026 3956 diversae
1055 3895 1233 3974 scripturae
1256 3895 1424 3974 uestigium
1445 3891 1518 3955 indi·

343 4017 415 4062 care
439 3999 644 4078 quantumvis
666 4005 762 4058 tenue
784 4007 881 4077 atque
905 3999 1073 4060 incertum.

431 4102 521 4162 CXll.
569 4101 728 4162 Patienter
750 4101 880 4162 tolerata
904 4109 951 4162 est
974 4098 1108 4162 ridicula
1125 4097 1239 4161 menda
1262 4100 1295 4160 in
1316 4099 1430 4161 scholio
1444 4095 1515 4178 qnod

344 4205 377 4264 in
400 4202 506 4265 codice
530 4203 707 4265 Florentino
730 4203 831 4283 plutei
846 4221 912 4263 xxxr
928 4203 967 4264 23
992 4201 1033 4264 ad
1049 4201 1195 4265 Hecubae
1210 4221 1241 4261 v.
1263 4203 1322 4263 too
1339 4202 1514 4282 adscriptum
1596 4255 1597 4274 γ

345 4313 392 4368 est
419 4306 462 4388 (p.
488 4308 527 4369 El
552 4281 659 4367 lllatlh.
685 4307 746 4365 all
770 4303 894 4386 Diod),
924 4300 1016 4390 χορὸς
1038 4305 1198 4389 διαιρεῖται
1219 4304 1262 4376 εἰς
1283 4303 1362 4389 τρία,
1393 4305 1434 4376 el<
1454 4297 1515 4366 crd-
1596 4279 1597 4371 λ

344 4431 436 4491 σιρα,
468 4408 510 4480 εἰς
541 4402 690 4492 remorari
718 4403 770 4470 καλ
798 4406 840 4478 εἰς
863 4402 1012 4491 ιιιιιρινιιὶ.Ι
1041 4406 1246 4470 scribendum
1276 4418 1324 4470 est
1352 4399 1513 4492 ιιοριματιιια,
1545 4492 1547 4496 Ι

344 4513 405 4573 nisi
421 4512 501 4574 lorte
517 4504 650 4594 κομμιιιά
666 4511 819 4574 Graeculo
836 4509 968 4591 placuit:
995 4509 1052 4573 sed
1067 4505 1238 4594 suppetiari
1259 4512 1376 4592 legitur
1391 4507 1513 4574 insimili
