3178 5136
529 396 747 459 Conuersata.
1158 381 1242 453 581*

51 589 180 651 llavorti
200 587 291 648 decta
313 592 467 660 nostram,
491 585 662 667 patentibus
685 586 779 648 oculis
802 586 919 648 caelum
941 592 968 646 el
994 583 1231 666 pulcherrimam
1351 593 1356 616 ⁸

52 693 136 752 atam
159 689 259 752 divini
278 690 378 768 operis
397 686 551 768 fabricam
573 688 695 750 animus
719 695 790 750 laras
812 705 932 768 semper
954 688 1115 769 adspiciat.
1163 695 1234 749 mac

51 794 125 853 enim
148 809 231 854 meas
259 797 368 853 nostra
394 791 561 853 maiestatis
590 808 665 854 snae
692 791 901 860 recordatione
925 791 1059 873 summa
1083 811 1103 852 o
1122 790 1233 871 prams

51 911 209 976 corpomtm
231 892 379 956 illecebris
402 892 563 956 liberatam.
611 892 794 956 mumndum
817 904 866 956 ost
884 892 1021 974 sommia
1043 894 1075 955 in
1094 894 1230 974 firmata.

51 998 184 1078 legimus
214 996 318 1078 paullo
345 1006 455 1076 postea
482 998 512 1058 si
543 995 584 1058 od
612 995 685 1060 loeo
712 996 895 1077 eoectpienda
925 998 1047 1060 animus
1074 1004 1176 1059 noster
1202 1013 1234 1057 se

50 1100 214 1165 monstralis
236 1117 310 1162 suae
331 1097 540 1161 recordatione
557 1099 702 1178 firmarit.

134 1219 222 1283 Idem
243 1221 397 1282 Firmicus
419 1237 471 1281 nn
486 1220 526 1280 33
550 1215 659 1299 Accipe
680 1220 790 1300 itaque,
815 1221 950 1282 llavarli
971 1220 1061 1282 demes
1083 1225 1232 1290 nostrum,

51 1322 128 1404 qnod
149 1321 213 1400 tibi,
239 1341 306 1387 oum
327 1341 448 1384 masma
461 1331 562 1384 tamen
583 1322 681 1384 animi
699 1322 910 1403 trepidatione,
932 1323 1141 1404 promisimus,
1166 1338 1236 1402 sep·

51 1433 103 1487 tem
127 1426 247 1490 scilieet,
260 1425 313 1487 bos
342 1423 435 1487 libros
465 1423 506 1486 ad
534 1431 645 1506 septem
666 1425 826 1486 nullarum
855 1424 991 1486 ordimem
1021 1441 1237 1504 numerumque

51 1529 248 1610 compositos·
282 1546 355 1590 aam
379 1528 501 1608 primus
529 1525 606 1589 liber
627 1527 724 1590 solum
750 1529 955 1608 patrocinium
980 1526 1162 1608 descensionis
1184 1545 1237 1588 aa·

51 1634 134 1713 cepit,
162 1631 194 1692 ia
216 1631 323 1692 calmis
346 1647 417 1691 vero
446 1628 533 1691 libris
555 1631 698 1692 Renounis
719 1629 888 1693 bominibus
915 1631 989 1692 novi
1014 1631 1114 1711 operis
1136 1628 1237 1690 tradi-

51 1734 149 1796 dimus
173 1732 376 1814 disciplinam.
422 1730 627 1796 scribendum
650 1751 721 1795 esse
748 1733 881 1814 adparet
907 1733 1111 1814 patrocinium
1133 1731 1237 1812 desen-

51 1839 143 1898 sionis
167 1835 319 1916 succepit.

136 1965 183 2026 Ne
207 1963 354 2026 ultimum
377 1961 506 2042 quidem
529 1963 740 2043 perorationis
754 1962 889 2026 verbum
906 1973 992 2026 recte
1007 1963 1160 2045 seriptum
1177 1973 1235 2025 est.

50 2075 81 2128 tn
101 2084 197 2130 vernn
220 2067 382 2146 interpres,
408 2072 440 2127 tu
459 2063 540 2144 fidus
562 2072 672 2143 castos,
698 2074 731 2130 tu
752 2067 913 2150 relipiosns
935 2068 1072 2141 antistes,
1102 2075 1135 2128 ta
1156 2067 1239 2129 solus

49 2172 196 2232 virtutum
220 2176 344 2230 marum
365 2169 470 2230 menno
493 2167 525 2230 id
546 2186 661 2230 ornare
681 2171 794 2250 poteris
816 2169 895 2251 quod
917 2188 977 2230 non
998 2170 1143 2254 pereipili
1162 2187 1239 2232 aura

49 2281 137 2354 atque
159 2273 257 2333 ananei
275 2273 397 2352 pariter
419 2277 447 2332 et
468 2274 604 2352 corporis
626 2269 740 2348 labore,
765 2273 906 2334 mamirm
927 2273 1018 2333 etiam
1039 2271 1240 2335 sollieitudine

50 2395 84 2437 ac
107 2373 319 2456 trepidatione,
341 2374 526 2454 perficimus.
575 2375 752 2453 requiritur
771 2373 966 2455 perfecimus.

134 2509 306 2573 LXXXVII.
338 2508 496 2574 Ausonius
518 2512 552 2571 in
575 2509 754 2573 Gratiarum
776 2511 899 2572 actione
923 2531 955 2592 p.
974 2509 1035 2571 70⁰
1056 2511 1146 2572 Tollii
1162 2514 1240 2593 quis.

50 2617 185 2696 inquam,
212 2613 294 2674 locus
316 2615 435 2694 estqui
456 2631 517 2674 non
539 2612 687 2692 beneficiis
710 2615 770 2674 tais
787 2615 888 2695 opilat,
915 2613 1102 2692 inflammet?
1124 2613 1241 2697 nultos,

49 2720 185 2800 inquam,
211 2718 377 2796 imperator
402 2723 545 2798 eupasia,
572 2717 645 2797 quin
667 2714 884 2778 admirandam
905 2717 1033 2795 speciem
1063 2723 1131 2776 luae
1153 2733 1245 2777 aeae-

49 2821 181 2883 rationis
211 2821 355 2880 incaliul:
389 2837 450 2880 non
471 2818 639 2899 palatium,
672 2817 806 2898 quadiu
837 2837 906 2879 oum
935 2817 1070 2879 terribile
1092 2821 1245 2898 acceperis

50 2923 182 2985 amabile
200 2923 399 3004 praestitisti:
434 2941 495 2982 non
520 2921 625 3002 samm
653 2927 681 2982 el
707 2920 851 2998 basilica,
887 2921 958 2982 olim
985 2923 1111 3003 nepotiis
1137 2921 1241 3001 plena,

50 3045 133 3088 nunc
155 3027 233 3088 votis
256 3029 389 3106 actuque
407 3044 466 3105 pro
489 3031 543 3086 tna
564 3025 662 3087 salute
684 3025 850 3104 susceptas:
880 3043 952 3085 nam
975 3023 1011 3085 de
1033 3043 1091 3086 sua
1113 3026 1164 3086 cui
1183 3043 1243 3085 non

50 3138 76 3190 le
99 3130 270 3209 imperante
292 3129 466 3192 securitas?
494 3126 580 3207 qnod
602 3126 684 3189 dixit
713 3134 782 3188 tuae
804 3127 1027 3200 venerationis,
1053 3127 1188 3206 legimus
1210 3129 1243 3188 in

49 3232 201 3330 glossario
232 3229 317 3310 qnod
341 3230 502 3292 Philoxeni
534 3229 645 3292 dicunt
673 3231 827 3292 emeratio
849 3223 940 3313 τιμή,
972 3228 1109 3314 σέβασμα
1138 3239 1169 3291 et
1191 3249 1245 3292 ae·

48 3335 169 3396 aeralio
193 3327 347 3415 σεμνότης,
373 3344 441 3395 tum
464 3333 656 3395 venerationi
683 3325 865 3418 σεβάσματι,
897 3331 1144 3414 suppeditatque
1176 3335 1244 3395 eius

50 3435 292 3516 significationis
328 3435 472 3517 exempla
506 3434 653 3516 Congius.
700 3437 778 3497 vatis
808 3437 944 3516 votisque
977 3436 1047 3498 iure
1081 3435 1244 3516 displicuit

50 3539 220 3600 Gronovio.
267 3537 324 3600 sed
351 3527 422 3599 nonl
453 3538 642 3600 canlineavit
672 3556 744 3600 anm
772 3539 1008 3620 naturalisque
1036 3537 1301 3602 scribendnmltt

50 3660 123 3704 esse
146 3642 290 3703 aanieait.
337 3642 479 3722 opposite
502 3642 626 3722 negotia
649 3639 763 3703 docent
779 3639 953 3702 Ausonium
976 3642 1139 3720 scripsisse
1161 3661 1242 3704 nanc

48 3747 123 3807 otiis
151 3747 295 3828 volupes.
342 3745 464 3825 plurale
493 3746 628 3806 otiorum
650 3744 841 3807 vocabulum
872 3743 1058 3825 frequenter
1086 3755 1242 3824 usurpant

50 3857 180 3928 metae,
211 3866 274 3910 non
304 3848 494 3928 scriptores:
526 3847 584 3909 sed
613 3848 671 3909 hoe
701 3864 806 3927 neque
836 3845 877 3908 ad
898 3844 1073 3908 Ausonium
1102 3848 1241 3926 pertinet

50 3969 160 4031 neque
183 3949 353 4013 obscurum
378 3958 425 4011 est
448 3967 505 4012 aur
528 3968 605 4012 usus
627 3951 668 4012 sit
691 3949 819 4030 plurali.

139 4077 225 4142 ldem
237 4099 270 4159 p.
288 4079 344 4140 701
366 4095 449 4159 spem
464 4095 604 4160 superas,
622 4077 771 4160 capiendo
782 4079 959 4160 praevenis,
977 4085 1047 4138 vola
1058 4080 1241 4159 praecurris

50 4199 185 4263 quaepie
207 4183 305 4243 animi
325 4182 424 4243 nostri
444 4181 583 4243 celmilas
598 4180 702 4242 divum
717 4182 817 4243 instar
840 4179 972 4261 adfectat
986 4178 1133 4261 beneficiis
1145 4200 1241 4262 prae-

50 4284 192 4347 morbos
214 4283 414 4347 aameedilur.
461 4301 523 4346 non
548 4284 696 4364 intellego
725 4283 842 4344 diuum.
889 4283 1021 4345 Vinetus
1047 4282 1184 4346 divinum
1207 4286 1239 4345 in

52 4385 248 4468 quibusdam
269 4386 359 4449 libris
381 4405 450 4449 esse
472 4384 559 4450 dicit.
606 4384 811 4448 scribendum
834 4383 964 4447 videtur
985 4386 1093 4448 divini.
1140 4389 1240 4469 signi-

52 4490 167 4552 ficatur
188 4492 311 4553 animus
333 4489 627 4570 iuturi'praesagus
650 4498 682 4551 et
705 4490 795 4570 quasi
817 4489 944 4551 ariolus.
