3252 5130
358 369 430 442 594
757 383 802 444 Ειι
825 401 921 444 aram
944 384 1153 446 Bnaomurusr.

443 571 517 636 cvl.
564 569 721 634 Arrianus
743 570 869 634 Indicae
891 571 999 652 eap.8
1023 568 1074 652 §7
1099 559 1214 651 οὔνομα
1238 565 1272 632 δὲ
1301 564 1380 632 εἶναι
1404 567 1440 652 τῇ
1461 563 1537 630 παιδί

354 672 514 758 Πανδαίην
536 669 589 736 καί
610 668 664 758 την
686 668 791 760 χώρην
813 671 864 738 ἵνα
885 697 918 739 τι
940 672 1058 758 ἐγένετο
1074 667 1126 735 καί
1140 663 1259 756 ἧστινος
1280 669 1439 756 ἐπέτρεψεν
1455 663 1538 753 αὐτὴν

355 770 460 864 ἄρχειν
477 771 657 862 Ἡρακλέης
680 773 837 872 Πανδαίην
860 779 912 862 τῆς
934 772 1042 848 παιδὸς
1064 769 1234 858 ἐπώνυμον.
1281 777 1353 837 iure
1369 774 1539 836 llercherus

356 875 448 967 αὐτὴν
473 885 505 944 in
529 873 605 965 αιἰιγῖ
628 880 816 944 mutandum
841 900 910 944 esse
933 882 1083 960 coniecit,
1115 898 1222 959 neque
1253 880 1360 940 minus
1382 886 1467 940 recte
1488 877 1538 938 ad-

356 986 438 1049 didit
459 985 553 1047 aliam
576 993 743 1066 praeterea
772 983 921 1046 mendam
950 985 1048 1046 latere
1077 983 1193 1045 videri.
1240 979 1450 1042 scribendum
1471 992 1537 1062 puto

355 1084 406 1152 καί
427 1091 464 1172 τῇ
487 1079 587 1173 χώρη.

444 1191 578 1272 Capti
603 1187 654 1272 §o
678 1189 757 1252 haec
778 1191 940 1272 leguntur,
965 1186 1017 1252 καί
1039 1185 1118 1252 ἔστιν
1142 1181 1259 1252 αὐτοῖσι
1272 1189 1332 1249 τῶν
1358 1183 1410 1268 μὲν
1427 1179 1536 1270 ὀφθαλ-

357 1295 421 1377 μῶν
443 1289 520 1377 ἴημα
541 1285 575 1356 τὸ
597 1285 696 1378 βόειον
718 1287 799 1376 γάλα
821 1285 1013 1378 ἐγχεόμενον,
1038 1284 1111 1377 πρὸς
1135 1286 1243 1362 δὲτὰς
1266 1280 1364 1360 άλλας
1386 1283 1536 1360 νοόσοοςό

358 1395 450 1479 μέλας
473 1391 553 1468 οἶνος
574 1389 742 1479 πινόμενος,
775 1391 824 1459 ἐπί
846 1393 880 1458 δὲ
902 1396 994 1458 ταῖσιν
1017 1394 1119 1458 ἕλκεσι
1140 1389 1178 1457 τὰ
1200 1386 1268 1457 όεια
1293 1391 1369 1476 κρέα
1392 1385 1536 1474 ιἰπτάμενο

357 1493 408 1562 καί
422 1494 687 1582 καταπασσόμενα.
721 1498 929 1562 scribendum
949 1510 997 1561 est
1012 1489 1295 1578 καταπλασσόμενα.
1329 1514 1425 1576 quarn
1440 1513 1538 1556 emen-

358 1603 517 1666 dationem
540 1613 736 1685 occuparunt
757 1601 938 1666 Bernardus
969 1605 1001 1664 in
1024 1602 1175 1664 Demetrii
1200 1601 1408 1681 Pepagomeni
1432 1597 1536 1660 librum

358 1705 398 1768 de
421 1705 560 1788 podagra
581 1725 615 1788 p.
634 1705 674 1768 87
704 1716 736 1768 et
759 1705 975 1770 Schneiderus
1005 1708 1039 1766 in
1067 1702 1268 1766 Aristotelem
1298 1701 1338 1766 de
1368 1702 1534 1764 animalium

358 1810 488 1871 historia
511 1819 534 1872 t.
561 1827 595 1872 ιιι
616 1828 650 1891 p.
670 1809 744 1871 670.
791 1828 854 1872 non
877 1812 985 1871 minus
1009 1817 1093 1870 recte
1117 1806 1202 1870 idem
1221 1805 1406 1868 Bernardus
1421 1809 1533 1885 Lougoi

358 1913 392 1973 el
417 1915 434 1974 l
451 1910 622 1975 ίπέπλασαν
640 1914 790 1991 restituit,
808 1914 1014 1992 nequeenim
1032 1910 1106 1973 ferri
1123 1919 1226 1992 potest
1241 1908 1326 1990 quod
1342 1908 1418 1971 lihri
1435 1908 1535 1972 hahent

359 2013 523 2078 ίπέπασαν.

446 2118 534 2178 Cllll.
582 2120 733 2198 Longusr
753 2117 821 2178 ltt
851 2109 978 2182 λόκαινα
999 2115 1151 2202 τρέφουσα
1174 2109 1320 2200 σκόμνοος
1335 2116 1422 2186 νέους
1442 2114 1534 2177 ἐκτῶν

358 2217 484 2303 πλησίον
509 2214 610 2305 ἀγρῶν
632 2220 662 2291 ἐξ
684 2210 785 2284 ἄλλων
807 2217 952 2302 ποιμνίων
975 2215 1118 2291 πολλάκις
1141 2211 1276 2304 ἥρπαζε,
1305 2220 1420 2302 πολλῆς
1439 2219 1533 2302 τροφῆς

359 2321 390 2394 ἐς
419 2315 591 2410 ἀνατροφὴν
619 2325 678 2386 τιῖιν
706 2317 843 2406 σκόμνοιν
872 2321 1011 2406 δεομένη.
1059 2325 1191 2384 Ursinus
1222 2315 1368 2392 πολλάκις
1396 2324 1427 2382 iu
1450 2312 1530 2382 ποίλά

361 2425 548 2488 mutandum
572 2445 642 2488 esse
666 2429 801 2488 censuit.
849 2435 999 2488 neutrum
1022 2425 1205 2487 satisfacere
1226 2427 1296 2486 iure
1319 2423 1399 2487 dicit
1414 2423 1532 2486 llerche·

300 2545 350 2594 sos
362 2546 429 2590 rus.
476 2529 628 2592 nimirum
656 2528 832 2592 absurdum
861 2539 909 2592 est
937 2527 967 2599 ἐξ
996 2519 1097 2592 ἄλλων
1127 2515 1293 2610 ποιμνίοιν.Ι
1339 2526 1417 2608 quid
1444 2525 1533 2588 enim?

360 2650 459 2693 suone
483 2632 577 2694 alicui
598 2634 686 2714 gregi
711 2651 845 2715 parcens
868 2635 941 2714 lupa
972 2633 1050 2694 alios
1072 2631 1269 2712 diripiebat?
1313 2631 1473 2710 scripsisse
1492 2629 1531 2686 ri-

361 2733 456 2796 detur
485 2737 609 2815 Longus
637 2729 767 2799 λόκαινα
794 2735 945 2821 τρέφουσα
979 2727 1126 2818 σκόμνους
1159 2733 1244 2806 νέους
1277 2733 1312 2796 ἐκ
1340 2735 1399 2796 τῶν
1424 2727 1530 2814 πλησίον

359 2835 473 2921 α’γρῶν,
489 2835 529 2922 Ιἐξ
546 2828 645 2901 ἄλλων
662 2829 815 2925 (ἄλλοτε),
840 2836 964 2922 ποίμνια
980 2831 1110 2924 (πολλὰ)
1124 2831 1269 2908 πολλάκις
1283 2829 1411 2922 ἥρπαζε.
1454 2853 1530 2914 saepe

361 2943 485 3022 Longus
507 2938 632 3023 ποίμνια
655 2943 697 3004 ita
722 2944 887 3022 usurpavit
910 2951 947 3003 ut
961 2961 1024 3003 non
1042 2961 1156 3022 greges
1178 2941 1235 3003 sed
1251 2960 1326 3002 oves
1341 2938 1527 3020 significaret:

361 3043 401 3106 de
424 3063 486 3124 qua
510 3031 582 3108 eius¹
603 3043 833 3106 consuetudine
857 3045 1050 3107 Schaeierus
1077 3043 1159 3106 dixit
1181 3065 1213 3124 p.
1232 3045 1308 3106 327.
1354 3036 1447 3107 πολλά
1472 3057 1527 3101 cum

359 3140 505 3218 πολλάκις
528 3149 687 3210 coniuncti
711 3149 857 3228 exempla
879 3151 1038 3230 congessit
1060 3147 1234 3210 Lohechius
1257 3149 1289 3208 in
1310 3145 1530 3227 Paralipomenis

360 3269 392 3330 p.
418 3250 471 3311 56.

301 3371 351 3420 seo
450 3352 551 3414 CVlll.
598 3352 826 3432 Aristophanes
849 3353 881 3414 in
905 3351 1027 3432 Avibus
1049 3373 1081 3414 v.
1108 3357 1169 3416 ton

491 3450 543 3518 καί
566 3447 624 3538 μην
647 3449 736 3539 ὂργῶ,
761 3449 798 3540 νη
820 3451 869 3519 τὸν
894 3455 964 3533 Δία,
988 3453 1040 3520 καί
1061 3450 1289 3542 προπεφύραται
1312 3452 1400 3539 λόγος
1421 3450 1459 3525 εἷς
1479 3473 1525 3534 μοι,

488 3547 523 3620 δν
548 3551 720 3640 διαμάττειν
743 3551 778 3620 oh
802 3552 926 3622 κωλόει.

360 3678 424 3722 uon
448 3658 588 3722 debebat
615 3653 651 3723 οίι
678 3654 789 3724 κοιλάσι
811 3661 971 3724 sollicitari
1001 3672 1167 3743 postquam
1190 3663 1354 3725 Dohraeus
1376 3661 1453 3724 Adr.
1475 3671 1495 3721 t.
1514 3675 1529 3716 u

359 3783 392 3845 p.
419 3765 481 3826 2l8
514 3764 689 3826 rectissime
720 3766 905 3826 memoravit
935 3764 1020 3845 quod
1051 3765 1254 3846 Thucydides
1282 3785 1292 3826 1
1325 3767 1383 3827 ttt
1413 3763 1527 3844 scripsit,

361 3856 507 3950 οὔτεγὰρ
530 3864 627 3929 ἐκεῖνο
649 3861 761 3929 κωλόει
783 3866 814 3928 ἐν
836 3867 901 3939 ταῖς
917 3867 1058 3940 σπονδαῖς
1081 3858 1148 3932 οότε
1163 3863 1243 3932 τάδε.
1290 3870 1396 3932 attulit
1409 3866 1440 3930 id
1454 3866 1529 3929 etiam

360 3969 535 4032 Meinekius
552 3967 646 4030 vind.
664 3967 719 4030 Ar.
745 3990 777 4051 p.
797 3971 849 4030 sl.
897 3970 1073 4034 Guilelmus
1092 3971 1275 4034 Dindorlius
1296 3972 1372 4034 olim
1386 3967 1530 4048 adscripsit

364 4069 449 4151 quod
472 4070 557 4153 apud
582 4073 777 4154 Stephanum
800 4076 985 4155 Byzantium
1008 4077 1040 4137 in
1058 4069 1156 4159 Βοίβη
1174 4095 1205 4156 p.
1227 4075 1286 4136 t73
1304 4077 1344 4137 ll.
1369 4063 1532 4156 legium&

364 4168 482 4238 ἐθνικὸν
510 4177 563 4258 τῆς
592 4170 707 4260 Βοίβης
730 4170 857 4261 Βοιβεός
884 4174 936 4241 καί
967 4172 1092 4262 Βοιβηίς
1115 4172 1267 4261 θηλυκόν·
1298 4177 1326 4240 εἰ
1349 4175 1383 4240 δὲ
1404 4172 1452 4241 καί
1471 4171 1533 4238 Βοι-

365 4275 461 4359 βαῖος,
487 4273 523 4341 oi>
544 4271 668 4357 κωλόει,
694 4297 798 4358 nuper
821 4281 853 4340 in
871 4281 972 4342 Poetis
994 4281 1148 4342 scaenicis
1163 4279 1290 4344 addidit
1307 4281 1450 4344 similiter
1463 4280 1534 4340 loeu-

364 4387 412 4440 tos
435 4397 503 4441 esse
527 4380 681 4461 quosdam
704 4382 897 4444 scholiastes.
945 4401 1073 4464 possum
1096 4395 1205 4446 autem
1227 4377 1262 4447 οὐ
1285 4378 1397 4447 κοιλάσι
1411 4387 1535 4465 inperso

363 4480 427 4542 nali
451 4483 679 4561 significatione
703 4483 779 4546 dicti
804 4485 985 4566 exemplum
1001 4486 1128 4550 adicere
1144 4487 1274 4550 scholiis
1294 4488 1357 4550 illis
1372 4498 1403 4552 et
1417 4481 1533 4567 epitome
