3178 5136
606 387 710 448 Vsrul.
1180 376 1251 448 519

71 575 286 655 philosophum
310 575 350 638 de
381 572 504 636 bellicis
532 575 628 637 rebus
657 574 906 638 deblatereuteur
936 578 1030 638 aliter
1051 577 1254 658 adpellarunt

72 678 198 738 loannes
219 677 325 758 Lydus
347 687 379 739 et
401 679 462 738 Leo
485 677 591 740 Basilii
615 677 708 740 lilius.

150 779 245 861 Apud
273 779 494 842 Onesaudrum
530 782 626 861 igitur
659 782 738 843 heec
771 782 905 862 legimus
934 802 1003 864 cap.
1029 786 1058 863 l,
1084 782 1197 848 εἰδέναι
1220 782 1253 847 δὲ

69 877 137 967 χρή,
161 879 270 945 καθότι
291 877 326 947 οὐ
350 876 439 966 μόνον
462 881 559 956 οἰκίας
581 879 632 946 καί
654 881 772 969 τείχους
794 879 983 970 ἑδραιότερον
1003 880 1186 971 ὑφίστασθαι
1209 889 1255 950 δεῖ

69 981 113 1048 τὸν
137 985 289 1068 θεμέλιον,
328 981 369 1057 ὡς
397 981 543 1058 ἀσθενοῦς
572 1011 607 1070 ηε
635 977 718 1058 ὄντος
748 987 1093 1073 σογκαταρροησομένονν
1123 985 1173 1054 καί
1194 993 1253 1053 τῶν

69 1087 379 1172 ἐποικοδομουμένοιν,
416 1085 494 1154 ἀλλά
516 1085 568 1154 καί
592 1090 725 1174 πολέμου
753 1085 806 1161 τὰς
834 1085 930 1176 ἀρχὰς
954 1092 999 1155 δεῖ
1020 1088 1254 1158 κατασιεοασά-
1283 1077 1284 1082 ¹

70 1215 151 1272 μενον
176 1192 307 1278 ἰσχυρῶς
328 1189 381 1255 καί
403 1193 534 1278 κρηπῖδα
548 1192 743 1278 περιθέμενον
763 1188 933 1278 ἀσφαλείας
955 1187 1049 1266 οὕτως
1070 1181 1185 1280 ἐξάγειν
1200 1191 1254 1268 τὰς

70 1291 217 1378 δονάμεις.
243 1295 446 1358 desideratur
469 1297 499 1357 iu
523 1298 581 1358 hec
602 1300 751 1358 orationis
766 1296 865 1358 forma
887 1298 1049 1379 upodosis:
1071 1305 1149 1361 'uem
1172 1319 1253 1380 quae

69 1399 138 1460 iude
161 1393 305 1464 οθάλλά
327 1397 378 1462 καί
400 1399 551 1462 dicuutur
573 1419 636 1461 uon
653 1402 758 1461 miuus
773 1419 868 1480 quern
891 1402 979 1482 prior
1001 1403 1156 1464 enuntiati
1178 1421 1253 1483 pers

68 1521 104 1562 ex
125 1496 235 1565 καθότι
256 1521 411 1584 suspense
433 1512 518 1564 suut.
566 1515 600 1565 ut
624 1513 708 1564 recta
732 1503 784 1564 liat
805 1505 904 1564 oratio
926 1497 1035 1568 καθότι
1057 1505 1090 1564 iu
1114 1497 1160 1568 ὅτι
1181 1525 1253 1567 rnu-

69 1604 195 1667 laudum
227 1616 285 1668 est.
332 1605 449 1668 deindo
478 1598 646 1690 ἀσφαλείας
669 1607 860 1694 Koechlpum
888 1606 1037 1687 olleudit,
1074 1628 1179 1688 neque
1203 1611 1254 1670 iu-

69 1710 188 1769 urerito.
236 1707 293 1770 sed
328 1709 424 1770 etiam
458 1709 557 1789 magis
591 1728 641 1771 me
670 1707 802 1770 offendit
829 1707 1036 1792 περιθέμενον,
1073 1709 1253 1790 quodcum

67 1811 193 1892 κρηπῖδα
216 1813 420 1873 coniunctum
443 1831 505 1872 uon
529 1812 688 1892 intellego.
735 1811 941 1874 scribendum
964 1832 1078 1875 censeo
1101 1808 1180 1876 ἀλλά
1202 1810 1254 1876 καί

65 1912 193 1995 πολέμου
216 1909 268 1985 τὰς
291 1909 388 2000 ἀρχὰς
411 1914 456 1976 δεῖ
478 1909 780 1997 κατασκευασάμενον
805 1911 930 2000 ίσχυράς
952 1910 1003 1977 καί
1025 1916 1171 2000 κρηπῖδας
1196 1917 1253 1979 θέ-

68 2039 149 2098 μενον
173 2012 322 2102 ἀσφαλεῖς
345 2008 439 2088 οθτιιις
460 2010 574 2101 ἐξάγειν
598 2013 651 2088 τάς
674 2011 825 2101 δυνάμεις.

147 2118 180 2183 ln
205 2123 365 2201 prooemio
389 2119 439 2203 §l
464 2120 630 2201 legebatur
652 2117 683 2184 οἵ
702 2144 734 2184 τε
756 2115 999 2205 εὐπραηήσαντες
1020 2115 1194 2205 ἀγέρθησαν
1211 2120 1254 2193 είς

68 2217 160 2293 δόξαν.
209 2225 295 2304 quod
325 2244 396 2286 oum
426 2224 502 2286 lerri
532 2243 593 2285 uon
624 2244 716 2305 posse
744 2224 871 2286 videret
900 2225 1076 2305 Koechlyus
1098 2218 1253 2308 ἠέρθησαν

67 2329 200 2408 scripsit.
248 2328 306 2389 sed
337 2321 445 2412 ἀείρειν
475 2326 665 2389 abhorrete
695 2347 788 2408 prose
810 2328 961 2390 oratioue.
1010 2328 1089 2388 nihil
1112 2330 1255 2408 peccavit

70 2430 327 2512 Wpttenbechius
348 2421 489 2516 ἤρθησαν
513 2430 657 2493 scribens
682 2433 713 2492 in
736 2431 930 2492 Bibliotheca
946 2432 1055 2492 critice
1069 2450 1103 2491 ιιι
1120 2432 1138 2492 2
1155 2452 1187 2511 p.
1199 2431 1251 2492 75.

147 2535 253 2594 LXXI.
302 2535 401 2596 Plauti
431 2535 703 2596 Menaechmorum
741 2535 822 2596 alter
859 2553 990 2595 uxorem
1028 2535 1070 2595 ite
1107 2533 1254 2615 obiurget

69 2655 94 2696 v.
116 2638 172 2698 ιιι
191 2625 260 2716 ss,¹

147 2793 222 2835 nam
244 2776 379 2856 quotiens
398 2774 488 2854 loros
512 2794 562 2856 epo
586 2777 631 2834 ire
654 2774 719 2834 volo
743 2791 788 2834 me
811 2775 921 2836 retices
939 2791 1062 2834 revocas
1080 2774 1203 2854 νοριίαε,
1265 2791 1313 2836 tro

149 2897 208 2959 quo
232 2896 283 2959 epo
307 2896 384 2953 eom,
410 2896 501 2959 quom
522 2895 587 2937 rem
610 2895 710 2958 aqam.
751 2877 824 2958 quid
846 2879 1078 2957 percuperem,

147 2979 223 3062 quid
242 2987 354 3061 petum,
381 2980 453 3062 quid
471 2979 586 3060 serem,
612 2979 685 3060 quid
704 2979 784 3060 soris
807 2980 929 3061 epe-tuot.

143 3083 324 3164 portitorem
346 3083 466 3145 domum
488 3083 578 3159 docui,
605 3085 648 3145 ilo
669 3102 785 3144 omnem
808 3081 882 3144 rrilri

148 3205 215 3248 rem
236 3205 356 3249 necesse
378 3186 515 3268 eloquiot,
540 3186 688 3268 quidquid
710 3188 758 3268 epi
778 3193 867 3267 atque
889 3205 956 3267 αρο.

70 3325 193 3386 ultimus
218 3342 340 3402 versuo,
370 3325 460 3386 cuius
483 3324 661 3402 generalior
684 3333 731 3384 est
753 3325 921 3401 sententio,
947 3324 1027 3383 nihil
1050 3320 1146 3382 hebet
1168 3321 1253 3400 quod

69 3425 291 3506 reprehendas.
338 3426 395 3488 sed
424 3428 520 3487 ulmis
550 3428 692 3507 ineptum
720 3435 769 3486 est
797 3425 837 3486 ab
867 3445 902 3486 eo
926 3426 979 3505 qui
1010 3423 1092 3486 sores
1116 3425 1162 3486 ire
1186 3425 1254 3485 vult

68 3547 218 3607 quaerere
242 3547 303 3589 non
326 3529 405 3608 quid
435 3539 563 3592 acturus
585 3532 642 3607 sit,
682 3527 740 3590 secl
774 3527 853 3608 quid
882 3529 989 3608 egerit
1010 3525 1097 3588 loris.
1145 3527 1252 3606 itaque
1300 3581 1303 3588 .

69 3631 137 3692 lerri
161 3631 275 3710 nequit
303 3631 383 3693 illud
412 3631 484 3712 quid
502 3631 582 3712 soris
606 3633 727 3713 eperim.
775 3630 853 3711 quid
878 3632 1003 3692 Plautus
1032 3631 1198 3710 scripserit
1221 3638 1252 3690 et

70 3737 130 3812 ipsa
153 3753 206 3796 res
229 3733 320 3796 docet
342 3745 373 3796 et
395 3734 479 3814 quod
502 3734 594 3795 simul
619 3733 700 3795 dixit
722 3734 794 3814 quid
813 3733 925 3814 swam,
952 3735 1102 3794 nimirum
1127 3733 1195 3810 hoc,

261 3854 333 3936 quid
352 3862 465 3934 potem,
491 3853 565 3936 quid
584 3853 696 3934 soom,
723 3853 901 3936 putidiores
924 3871 1062 3933 egeram.

70 3976 174 4037 uretuit
203 3975 289 4036 euim
312 3992 392 4034 uxor
421 3971 564 4052 nequid
591 3991 720 4034 suarum
752 3991 857 4034 rerum
890 3974 1020 4034 meritus
1050 3969 1090 4032 ed
1113 3979 1251 4033 scortum

70 4073 194 4140 delerat.
236 4085 267 4136 et
289 4076 446 4156 surripuit
469 4077 497 4136 ei
521 4076 654 4156 pellem:
682 4075 722 4137 de
745 4094 808 4155 qua
831 4095 865 4136 re
889 4095 960 4137 mox
984 4094 1013 4134 v.
1035 4075 1093 4134 430
1120 4075 1160 4136 ite
1185 4073 1252 4152 glo-

71 4179 173 4258 rietur,
199 4178 279 4240 hauc
300 4178 385 4239 modo
407 4180 506 4240 umori
526 4181 607 4240 intus
626 4180 746 4260 pollam
767 4178 929 4259 surrupui,
955 4178 996 4239 od
1018 4184 1150 4238 scortum
1169 4175 1249 4256 sero,

71 4291 203 4342 matrona
233 4290 339 4342 eutem
369 4283 574 4362 conqueritur
605 4301 635 4342 v.
655 4283 715 4342 644
738 4281 827 4362 pollo
855 4281 955 4342 multist
981 4279 1066 4341 domo
1089 4285 1249 4360 surrupta,

71 4400 97 4442 ν.
115 4383 172 4446 734
194 4384 300 4465 pallos
322 4391 411 4465 atque
433 4404 546 4446 aurum
570 4403 666 4446 mecm
684 4387 777 4472 Domo
799 4384 938 4465 suppilas
961 4391 993 4444 tu
1016 4391 1086 4444 tuoe
1107 4383 1205 4443 ιιοοονιΙ
1226 4389 1254 4442 et

70 4492 132 4548 tuoe
153 4488 278 4571 Deperis
301 4487 416 4548 amicae
444 4486 497 4567 [ita
519 4489 598 4549 haec
616 4489 743 4568 scripsit
758 4485 928 4549 Muellerus
951 4487 982 4546 in
999 4483 1144 4546 Prosodia
1161 4485 1253 4546 Pleu-
