3178 5136
606 346 711 406 Vsum.
1179 333 1252 406 529

60 529 163 595 machi
189 531 311 612 hymno
339 532 372 596 in
394 529 574 612 Apollinem
596 551 627 596 v.
654 533 713 596 ⁴05
737 535 864 616 scripsit
891 527 1050 607 iotam
1069 529 1254 610 hedilurce

59 632 90 702 ἐς
112 624 216 700 οὔατα
237 625 365 717 λάθροος
383 631 477 700 eluar.

147 737 296 800 mlxv.
332 737 367 800 lu
390 738 456 800 vita
471 739 629 803 Theocriti
652 739 729 804 haec
751 739 897 820 legimus,
924 734 1072 826 ἀκουστὴς
1095 739 1130 804 δὲ
1151 739 1256 826 γέγονε

61 837 186 924 burri
207 835 260 910 sal
272 833 516 924 Ἀοιληοιᾶδοο,
539 832 582 904 ὧν
606 835 796 926 purpuraria.
816 860 883 922 quo
894 845 1035 924 pertinet
1050 843 1137 924 quod
1154 844 1257 910 Choe-

61 940 218 1008 robosous
237 943 272 1004 in
294 943 426 1012 Dicmtis
449 944 482 1006 iu
496 942 663 1008 Theodosii
683 944 827 1008 Guuonos
847 966 880 1028 p.
898 946 960 1010 360
985 945 1080 1010 habet
1103 943 1255 1020 Φιλίππος

60 1038 76 1101 b
100 1037 287 1116 διδάσκαλος
309 1041 481 1131 Θεοκρίτου.
528 1048 561 1109 in
584 1047 691 1110 codice
712 1049 869 1112 llarcieuc
891 1050 1047 1130 seriptum
1070 1068 1141 1115 essa
1163 1051 1256 1134 ptin-

59 1141 109 1220 τὸς
124 1147 328 1216 Geisfardius
348 1159 456 1215 narrat
478 1151 511 1216 iu
534 1149 730 1231 praefatione
748 1150 791 1216 ad
805 1153 1053 1234 Etymologicum
1076 1173 1108 1234 p.
1125 1155 1156 1214 8.
1176 1154 1256 1215 scri-

60 1249 206 1316 bendum
230 1261 280 1320 ost
300 1252 447 1336 Φιλητᾶς.

147 1356 308 1420 LXXXVI.
342 1357 475 1420 Servius
497 1376 569 1422 eum
592 1356 806 1462 uduheneidos
823 1378 840 1418 v
856 1358 929 1436 bill,
952 1357 1078 1440 falleret
1091 1357 1257 1440 rmeprm·

62 1475 113 1520 sus
136 1465 167 1520 et
189 1457 398 1522 inremeabilis
412 1477 512 1538 error,
537 1460 596 1526 hoc
615 1459 788 1540 adnotavit,
813 1467 857 1526 cst
879 1467 980 1524 mrum
1001 1478 1112 1526 uersam
1130 1460 1251 1538 Catulli,

63 1561 190 1626 nullum
221 1562 319 1626 alium
343 1561 458 1627 Catulli
487 1581 617 1630 versum
651 1564 685 1626 in
718 1564 823 1628 animo
854 1563 965 1628 habuit
994 1582 1089 1644 quam
1119 1563 1256 1631 similem

63 1664 155 1726 illum*
176 1665 373 1746 Vergiliano,
408 1668 477 1732 uoti
499 1664 695 1746 [mutuetur
722 1665 955 1733 inobservabilis
984 1686 1085 1730 error.
1111 1665 1152 1730 ud
1173 1664 1254 1733 tan.

63 1765 177 1846 xilbi,
206 1767 281 1832 dum
298 1769 381 1848 pluit
407 1770 440 1830 in
463 1771 573 1846 turn,
605 1769 663 1834 hoc
690 1768 877 1850 adscripsit,
904 1804 943 1818 -
973 1778 1073 1834 tamen
1103 1770 1257 1834 suendum

65 1879 107 1932 cst
135 1870 360 1933 hemistichium
381 1870 435 1934 hoc
457 1872 592 1934 Lucretii
619 1890 700 1952 esse,
736 1873 816 1954 quad
845 1874 889 1936 ita
909 1881 944 1936 ut
965 1873 1081 1936 incana
1107 1873 1256 1956 Verpilius

64 1974 103 2036 ad
125 1991 221 2036 mum
239 1974 399 2038 transtulit
420 1994 564 2040 emman:
589 1976 680 2056 etqui
694 1977 860 2040 Lucretius
873 1994 906 2038 vr-
919 1977 980 2038 630
997 1995 1063 2042 uon
1076 1976 1148 2042 dum
1163 1975 1251 2056 dixit,

65 2076 119 2140 sed
149 2097 231 2142 eum.
257 2077 298 2144 ad
323 2096 453 2142 versum
475 2075 554 2143 hen.
580 2097 609 2140 rx
638 2078 711 2158 503,
750 2086 783 2142 at
817 2078 891 2141 tubo
926 2079 1092 2142 terribilem
1125 2080 1258 2144 sonitum

62 2180 171 2258 procul
193 2199 267 2242 aere
288 2199 400 2244 canoro
424 2181 588 2262 increpuit,
614 2179 776 2244 adnotavit
797 2181 1017 2246 hemistichium
1039 2183 1149 2244 Ennii:
1183 2201 1259 2250 nom

67 2285 223 2364 sequentia
244 2284 300 2348 iste
321 2287 471 2348 mutauit:
494 2284 545 2350 ille
567 2285 647 2348 enim
662 2285 703 2346 od
718 2285 955 2365 reprimendum
974 2285 1063 2350 tubae
1085 2304 1193 2350 seusun
1214 2287 1259 2352 aii

70 2393 281 2448 ‘taratantara
301 2385 421 2448 dr'mit:’
452 2388 570 2449 scimus
592 2387 686 2453 Ennii
716 2385 816 2450 fuisse
840 2387 973 2450 terribili
1000 2389 1121 2452 souin:
1160 2388 1258 2452 nihilo

69 2497 172 2552 umen
196 2489 305 2552 miuus
329 2497 414 2552 reete
429 2489 646 2570 Vergilianum
663 2490 900 2554 hemistichium
916 2491 1011 2554 Ennii
1034 2509 1105 2556 esse
1127 2489 1255 2556 dicitur.

70 2591 198 2672 Vergilii
229 2601 278 2656 ost
299 2589 377 2656 heu.
404 2611 435 2652 vr
456 2593 518 2656 tls
549 2609 719 2674 corpusque
753 2593 860 2654 lavant
891 2591 1035 2674 sripentis
1065 2601 1093 2656 et
1120 2601 1255 2675 napum:

70 2691 143 2758 dinit
159 2696 292 2760 Sumus
314 2713 424 2758 cerem
439 2696 543 2774 Ennii,
569 2697 622 2776 pui
642 2697 686 2757 uit
711 2696 888 2777 ‘Tarquinii
909 2714 1021 2776 corpus
1043 2694 1123 2758 bona
1141 2695 1257 2776 semina

71 2795 142 2859 lauit
164 2806 195 2860 ct
216 2798 334 2861 uomit)
367 2797 450 2862 idem
474 2799 623 2876 Servius,
657 2798 683 2862 si
713 2799 783 2860 eius
806 2809 855 2862 est
878 2797 1052 2875 adnotatio,
1079 2797 1120 2860 ed
1142 2796 1221 2860 heu.
1248 2817 1258 2860 1

72 2898 141 2978 aab,
166 2909 214 2964 cst
236 2901 332 2978 locus,
356 2902 537 2982 Hesperium
556 2901 646 2964 Graii
667 2902 839 2982 euphemiae
854 2900 969 2976 dicunt,
995 2901 1053 2962 hoc
1075 2899 1255 2980 adscripsit,

72 3010 112 3063 est
133 3012 236 3066 cutem
257 3022 366 3066 uersus
389 3006 571 3068 Ennianus:
595 3005 622 3066 is
646 3005 724 3064 cuim
747 3005 790 3066 ita
812 3006 868 3078 ait,
896 3007 952 3066 ‘est
974 3004 1057 3068 locus
1080 3005 1260 3084 Hesperiam

72 3122 159 3184 quom
190 3107 334 3172 mortales
361 3105 583 3188 perhibebant!
627 3106 668 3169 ud
690 3105 770 3168 Aen.
795 3125 828 3167 xa
849 3107 920 3184 aut,
962 3114 1025 3169 tum
1053 3107 1112 3170 late
1136 3105 1260 3186 ferreus

74 3207 164 3271 hastis
180 3211 295 3272 Horret
316 3229 390 3293 aper
412 3211 569 3299 campique
591 3210 689 3272 armis
711 3209 890 3272 sublimibus
914 3209 1033 3286 ardent,
1053 3210 1183 3271 Servius
1203 3207 1260 3271 ad-

75 3315 191 3374 notavit
220 3321 264 3378 est
294 3321 395 3376 autern
424 3331 533 3378 ausus
555 3313 738 3378 Ennianus:
762 3312 893 3376 videtur
915 3313 1100 3393 intellegere
1130 3312 1219 3374 illum
1244 3332 1261 3374 e

76 3412 236 3494 Scipione,
273 3417 393 3496 sparsis
422 3415 520 3480 hostis
544 3416 640 3498 loupis
669 3433 795 3495 campus
824 3415 1011 3498 splendebat
1037 3413 1152 3476 horret.
1185 3415 1262 3476 hacc

77 3518 127 3594 qui
151 3517 401 3582 consideraverit
422 3538 484 3582 non
507 3517 668 3582 dubitabit
691 3519 834 3580 homines
851 3517 958 3582 doctos
980 3536 1044 3579 non
1066 3527 1151 3580 recte
1175 3515 1262 3580 iudi-

78 3620 224 3684 casnedo
255 3622 301 3682 eis
325 3640 408 3701 quae
438 3621 524 3684 idern
552 3622 683 3684 Servius
713 3619 754 3681 de
782 3639 877 3683 versu
901 3619 1014 3700 Georg.
1040 3639 1063 3683 ιι
1086 3621 1147 3680 tut
1172 3617 1258 3696 dicit,

82 3719 219 3805 ‘fripidus
242 3732 270 3786 el
291 3725 379 3787 siluis
402 3725 503 3806 aquilo
526 3724 659 3786 decussit
679 3723 858 3784 honorem:‘
901 3724 1048 3784 Varronis
1076 3722 1124 3784 hic
1153 3739 1262 3784 versus

79 3831 127 3884 est.
153 3835 306 3906 putarunt
330 3829 416 3890 enim
439 3827 517 3890 haec
540 3828 608 3908 ipse
632 3825 729 3888 verba
753 3845 822 3888 esse
838 3827 987 3888 Varronis
1009 3823 1150 3887 Atacini:
1177 3823 1262 3904 quod

81 3927 141 3986 veri
164 3939 212 3990 est
235 3926 483 3991 dissimillimum
506 3939 638 4011 propter
660 3937 687 3990 et
708 3930 890 3990 traiectum.
922 3930 1016 3990 immo
1038 3928 1173 3989 mutavit
1184 3928 1263 3988 Ver-

82 4027 168 4103 gilius
183 4031 334 4093 Varronis
356 4051 495 4094 versum.
532 4042 564 4094 et
586 4033 690 4094 solent
711 4030 777 4094 fere
800 4041 912 4112 poetam
935 4051 1008 4094 cum
1031 4019 1172 4093 alio'rum
1188 4048 1321 4102 ver-iss

82 4127 163 4194 sibus
185 4143 322 4197 utuntur
345 4135 521 4214 paullulum
546 4155 598 4198 eos
628 4136 796 4196 inmutare.
830 4136 922 4196 cuius
948 4134 995 4196 rei
1026 4134 1181 4196 inmemor
1203 4131 1263 4196 luit

84 4231 132 4306 qui
153 4233 301 4318 Aeschyli
336 4254 466 4300 vorsum
503 4240 537 4300 iu
566 4239 668 4302 Persis
691 4239 764 4316 iii,
799 4225 825 4298 ὦ
855 4232 965 4321 Περσὶς
1000 4232 1054 4300 clu
1087 4231 1139 4298 καὶ
1172 4229 1263 4306 πολὺς

83 4329 203 4402 πλούτου
219 4332 320 4421 λιμήν,
346 4357 403 4402 suo
427 4341 560 4404 artificio
583 4339 818 4404 emendandum
842 4359 910 4402 esse
934 4339 1069 4402 censuit.
1104 4357 1176 4402 uam
1192 4357 1263 4401 cum

87 4433 245 4522 Euripides
268 4441 322 4505 Or.
350 4443 432 4506 tori
462 4443 543 4510 illud
573 4446 617 4508 ita
641 4444 782 4508 imitatus
810 4443 851 4504 sit
882 4452 918 4505 ut
947 4443 1066 4506 diceret
1095 4438 1147 4506 nul
1176 4442 1264 4524 cape
