3182 5132
384 365 456 438 384
776 381 818 441 Ex
842 399 945 468 ιιιιιιιιιΙ
963 383 1169 442 Brnocrnuusr.
1572 329 1573 418 ί

381 580 439 632 est.
487 571 627 650 loquitur
648 579 752 632 autern
777 571 819 630 ita
834 569 1003 650 Dionysius
1020 570 1141 650 Perieg.
1160 589 1191 628 ν.
1212 570 1284 648 400,
1311 568 1394 653 δισοῇ
1408 568 1527 637 (coicior

380 665 538 758 θαλάσσῃ,
565 669 678 758 Αίγαίη
702 669 814 757 Σικελῇ
835 667 884 736 τ’·
916 663 1025 756 άνεμον
1049 671 1082 735 δέ
1103 695 1150 736 τοι
1171 663 1280 757 ἔλλαχ’
1307 665 1425 756 ἑκάστη,
1441 665 1529 736 Ἑσπέ-
1572 659 1573 740 ί

381 799 443 861 ριον
460 772 583 860 Σικελή,
608 770 658 839 τάν
680 799 713 840 τε
735 774 862 860 ζέφυρον
884 773 1055 856 καλέουσιν,
1074 772 1187 860 Αίγαίη
1212 770 1241 838 δ’
1268 765 1364 860 εὗρον.
1399 776 1531 837 similiter-

380 900 443 961 que
459 900 491 941 ν.
511 880 584 958 928,
610 879 698 963 δισσῇ
715 878 866 948 (cotetae
881 877 1033 964 δαλάσση,
1061 876 1186 964 Περσίδι
1199 873 1227 942 τ’
1244 874 1364 964 Ἀραβίη
1379 873 1422 942 τ’·
1444 869 1530 960 ἄνεμοι

380 982 413 1046 δέ
435 1005 480 1046 τοι
503 976 610 1067 ἔλλαχ’
638 976 760 1066 ἑκάστη,
783 975 904 1068 Ἀραβίη
929 981 1066 1068 ζέφυρον,
1086 977 1197 1066 Περσίς
1220 977 1251 1044 δ’
1276 974 1374 1068 εὔροια
1388 976 1529 1050 κελεύθους.

378 1086 418 1149 ud
449 1089 554 1168 priora
582 1084 767 1148 Eustathius
796 1086 873 1148 hoec
900 1085 1088 1168 adscripsit,
1121 1078 1177 1170 δρα
1207 1079 1252 1149 δτι
1281 1080 1404 1172 ὀφείλων
1431 1084 1532 1168 ἑκατέρα

379 1188 471 1253 εἰπεῖν
501 1183 552 1251 διὰ
579 1183 633 1273 τήν
656 1185 785 1273 Αίγαίαν
815 1185 865 1252 καί
892 1185 945 1275 τήν
969 1182 1096 1273 Σικελήν
1125 1185 1182 1269 (ἐπὶ
1206 1183 1260 1252 δάο
1281 1183 1338 1275 γάρ
1362 1190 1533 1272 συλληπτικδς

379 1290 499 1376 λέγεται
527 1285 561 1356 τὸ
591 1287 762 1377 ἑκάτερος),
792 1281 810 1354 δ
835 1289 868 1355 δὲ
890 1287 1000 1377 ἑκάστη
1024 1289 1120 1372 εἶπεν,
1154 1285 1226 1378 ὅπερ
1249 1286 1297 1355 ἐπί
1319 1285 1443 1376 πληδους
1462 1287 1533 1353 εἴωθε
1572 1319 1573 1402 γ

378 1393 531 1479 λέγεσθαι.
570 1392 690 1479 ποιήσει
714 1393 746 1458 δὲ
768 1398 854 1459 τοῦτο
875 1389 926 1457 καί
948 1395 980 1459 ἐν
1002 1395 1063 1468 τοῖς
1079 1391 1153 1480 μετὰ
1174 1399 1278 1460 ταῦτα.
1318 1393 1368 1459 καί
1382 1393 1439 1458 ἔστι
1450 1395 1533 1456 τοιοῖι-
1572 1413 1573 1438 ¹

318 1493 427 1566 κοντόν
455 1521 484 1562 τι
505 1493 555 1562 καί
576 1493 659 1585 παρά
677 1490 864 1584 Ἑρμογένει.
912 1498 955 1560 ibi
979 1500 1204 1582 Bernhardyus
1233 1488 1430 1584 “Ἑρμογένειί
1450 1499 1534 1559 nescio
1572 1553 1573 1572 ,

377 1622 439 1683 quo
462 1603 560 1664 loco.”
606 1605 758 1684 leguntur
780 1604 857 1665 haec
873 1605 904 1664 in
928 1602 1010 1664 libro
1024 1598 1093 1688 περί
1109 1597 1255 1688 εὖρέσεων
1272 1622 1305 1665 ιιι
1328 1623 1395 1684 cap.
1413 1605 1430 1663 8
1446 1623 1472 1683 p.
1487 1601 1533 1660 tes
1572 1603 1573 1608 ’

376 1707 440 1786 W.,
467 1697 543 1770 ὥστε
565 1705 608 1778 είς
631 1697 752 1792 άπειρον
774 1707 944 1792 προχωρεῖν
967 1699 1116 1770 δύνασθαι
1137 1702 1190 1791 τὴν
1215 1701 1379 1792 δριμύτητα
1400 1699 1533 1789 είὴλιίσιε.

377 1807 430 1893 μὲν
453 1804 645 1896 εὐπορήσειεν
668 1805 833 1883 ἐνστάσεως
847 1834 879 1875 τε
894 1806 945 1874 καί
961 1806 1252 1896 άντιπαραστάσεως,
1278 1805 1389 1874 τούτων
1405 1807 1435 1874 δὲ
1448 1803 1534 1888 ἑκάστη

375 1908 464 1977 πάλιν
494 1909 734 2001 ἐπιχειρημάτων
764 1909 817 1979 δάο
846 1907 941 1998 ἢκαὶ
968 1919 1067 2000 τριῶν.
1116 1915 1257 1997 Dionysii
1280 1914 1535 1976 Halicarnassensis

376 2018 454 2080 haec
476 2018 685 2098 adferuntur,
709 2017 783 2081 Ant.
802 2021 890 2080 Rom.
909 2020 978 2081 1112
1001 2018 1032 2091 ἐξ
1059 2012 1186 2103 ἑκάστης
1207 2011 1342 2102 πόλεως,
1372 2038 1411 2080 ex
1431 2015 1495 2078 Atta
1513 2025 1533 2072 ct

376 2123 488 2201 Roma;
522 2141 550 2182 νι
568 2123 608 2184 tt
631 2121 755 2194 ἕκαστος
782 2123 841 2186 τῶν
865 2116 1001 2200 δπάτων,
1033 2125 1068 2183 Τ.
1094 2125 1243 2185 Veturius
1266 2132 1297 2185 et
1319 2120 1358 2183 Α.
1383 2121 1532 2199 Verginius.

377 2224 454 2287 terri
484 2227 582 2306 igitur
609 2227 741 2289 fortasse
764 2229 880 2308 poterit
902 2226 988 2307 quod
1010 2224 1097 2308 apud
1118 2223 1285 2288 Aelianum
1309 2224 1350 2287 de
1371 2227 1460 2286 anim.
1476 2241 1493 2282 ιι
1506 2221 1532 2278 t3
1572 2299 1573 2312 γ

377 2331 531 2411 scriptum
561 2341 609 2392 est
639 2327 701 2394 ἔστι
731 2331 823 2417 φῦλον
854 2324 980 2415 ἱεράκων
1005 2325 1057 2393 καί
1078 2329 1216 2393 καλεῖται
1237 2323 1380 2414 κεγχρηίς
1400 2324 1448 2391 καί
1466 2323 1534 2388 roton

376 2431 473 2495 δεῖται
494 2427 565 2496 οδδέ
587 2431 629 2514 έν,
656 2428 773 2519 δροίτης
796 2431 829 2497 δὲ
844 2433 930 2518 γένος
946 2424 1020 2497 into
1036 2423 1148 2512 αάτῶν,
1174 2429 1226 2496 καί
1240 2427 1367 2504 ἕκαστός
1381 2432 1440 2495 ἐστι
1454 2430 1533 2492 δεινῶς

376 2528 543 2621 ριλάδηλυς
572 2533 624 2599 καί
651 2535 755 2601 ἕπεται
784 2531 862 2600 κατὰ
890 2533 959 2608 τούς
982 2535 1150 2620 δυσέρωτας
1173 2529 1244 2600 οὐδὲ
1266 2529 1468 2612 ἀπολείπεται,
1495 2529 1532 2592 uit

375 2634 514 2724 ἑκάτερος
531 2643 650 2721 requiri
667 2640 882 2703 Schneiderus
897 2642 1032 2723 putavit.
1076 2636 1186 2727 <Apud
1202 2640 1432 2703 Theodoretum
1446 2639 1530 2699 Graec.

374 2743 439 2805 adi.
465 2764 533 2806 cur.
558 2764 590 2824 p.
612 2745 671 2809 ⁴29
690 2745 728 2805 ii
753 2744 841 2826 Sytb.
873 2747 906 2805 in
934 2744 1044 2806 verbis
1067 2751 1148 2825 qu'oe
1178 2755 1252 2807 sunt
1274 2739 1293 2828 ἡ
1318 2741 1372 2826 μέν
1394 2738 1448 2826 γάρ
1468 2733 1532 2823 otiu:

374 2841 531 2930 ἀπένειμεν
548 2840 665 2932 ἑκάστῳ
679 2844 760 2930 γένει
773 2842 811 2910 τὰ
828 2841 994 2934 πρόσφορα,
1014 2844 1127 2932 γυναιξί
1144 2845 1196 2930 μὲν
1214 2845 1371 2927 ταλασίαν,
1387 2837 1500 2929 άνδράσι
1511 2837 1532 2900 δὲ

374 2947 522 3035 γεωργίαν
547 2944 597 3013 καί
617 2945 782 3035 πολεμικὴν
805 2950 960 3038 ἐμπειρίαν
984 2951 1174 3032 Sylburgius
1197 2953 1389 3012 vetustiores
1411 2950 1482 3013 duos
1499 2965 1532 3004 to

374 3053 480 3115 dicum
504 3073 632 3116 suorum
656 3048 773 3140 ἑκάστῳ
795 3071 856 3117 non
881 3054 1014 3141 ἑκατέρῳ
1036 3054 1154 3116 habere
1176 3058 1208 3116 in
1224 3054 1330 3117 indice
1348 3053 1432 3132 dicit,
1454 3051 1532 3113 iden-

374 3177 438 3238 que
467 3165 515 3218 est
544 3160 576 3218 in
606 3168 741 3238 utroque
772 3157 880 3221 codice
903 3158 1083 3220 Gaissordii
1132 3159 1163 3217 in
1187 3159 1319 3219 Musunii
1347 3156 1450 3221 verbis
1468 3150 1531 3234 apul
1572 3207 1573 3244 γ

374 3260 544 3322 Stobneum
567 3260 635 3321 ssor.
655 3281 720 3322 ιιιιιι
736 3263 775 3323 23
801 3262 952 3324 traditum
980 3271 1027 3323 est
1051 3259 1097 3324 δεῖ
1119 3257 1152 3322 δὲ
1174 3260 1205 3323 ἐν
1228 3255 1319 3346 γάμῳ
1341 3255 1453 3331 πάντως
1473 3280 1532 3336 ουρ·
1572 3245 1573 3339 η

374 3359 478 3447 βίωσίν
507 3386 539 3426 τε
568 3360 645 3427 εἶναι
675 3360 727 3426 καὶ
755 3363 936 3448 κηδεμονίαν
960 3357 1067 3449 ἀνδρὸς
1089 3359 1140 3426 καί
1162 3359 1302 3447 γυναικὸς
1323 3359 1392 3450 περί
1413 3357 1533 3444 ἀλλήλους

374 3461 424 3528 καί
445 3465 632 3550 ἐρρωμένους
653 3463 705 3529 καί
727 3470 886 3539 νοσοῦντας
901 3465 953 3531 καί
977 3467 1009 3530 ἐν
1023 3464 1111 3529 παντί
1126 3470 1233 3552 καιρῷ,
1260 3457 1297 3551 ἧς
1311 3465 1460 3553 ἐφιέμενος
1473 3463 1531 3526 ’ἑκο-
1572 3495 1573 3528 ι

374 3591 440 3641 στος
471 3562 570 3654 ὥσπερ
601 3566 652 3632 καί
680 3570 871 3641 παιδοποιίας
901 3567 976 3634 είσιν
999 3567 1047 3632 ἐπί
1069 3565 1175 3654 γάμον.
1224 3570 1400 3652 reponebat
1421 3563 1532 3650 ἑκάτερος

374 3674 613 3754 Peerlkampius
636 3675 756 3735 Muson.
782 3694 813 3754 ρ.
833 3668 927 3761 355.)
972 3673 1055 3754 quod
1087 3677 1198 3754 scripsi
1230 3667 1306 3759 σάφ’
1332 3665 1411 3759 ᾔδεα
1431 3673 1531 3753 aptissi-
1572 3711 1573 3752 t

375 3795 460 3837 urum
484 3785 541 3836 est.
588 3795 661 3838 narn
685 3795 756 3838 curn
778 3777 820 3837 eb
835 3775 950 3838 Amore
973 3797 1007 3839 se
1030 3781 1203 3839 sauciatum
1227 3796 1298 3839 esse
1316 3781 1445 3841 sentiret
1458 3773 1532 3836 Cotti·
1572 3775 1573 3858 γ

374 3880 504 3940 machus
526 3881 665 3940 animum
690 3899 751 3941 non
775 3878 963 3961 despondit:
989 3881 1108 3942 sciebat
1130 3882 1214 3941 eninr
1237 3901 1273 3943 se
1294 3880 1358 3944 duo
1373 3884 1476 3944 eximio
1491 3877 1531 3936 ta·
1572 3939 1573 3964 γ

374 3981 451 4043 bere
483 3981 633 4044 remedia.
681 4001 786 4063 neque
819 3982 930 4044 ieietlit
960 4003 1032 4046 eum
1062 3986 1179 4065 opinio.
1227 3987 1336 4065 itaque
1364 3995 1480 4047 sanctus
1502 3977 1531 4038 υί·

374 4088 543 4164 ingruente
574 4084 681 4147 morbo
710 4085 789 4147 iilud
819 4086 896 4148 dicit
925 4087 997 4147 benc
1026 4107 1145 4148 norom.
1192 4087 1311 4164 deinde
1341 4109 1410 4151 curn
1434 4083 1531 4148 λιοοιίι

375 4181 527 4249 inrisione
549 4186 753 4269 diotecensi,
779 4189 844 4270 παῖ,
869 4187 970 4275 κείρεο
992 4184 1029 4252 τὰ
1050 4184 1154 4275 πτερά,
1178 4185 1352 4275 παιδάριον,
1375 4193 1430 4265 iic,
1453 4187 1479 4251 id
1495 4193 1528 4244 ott

374 4291 458 4372 opud
479 4309 541 4368 me,
574 4293 605 4352 ic
629 4310 696 4352 meo
717 4292 820 4372 domo,
846 4295 878 4354 in
901 4312 961 4374 quc
984 4300 1011 4354 et
1033 4312 1138 4355 crucae
1159 4293 1297 4356 hubitant
1319 4303 1346 4356 et
1364 4295 1469 4378 sonui,
1489 4287 1529 4346 dt·
1572 4339 1573 4352 ,

374 4395 445 4455 cisio
474 4393 597 4456 humitis
622 4395 732 4475 peonis
757 4394 860 4476 factos
882 4415 931 4472 er,
961 4397 1107 4476 puerulo,
1139 4405 1310 4479 οατιιαεραο
1327 4406 1359 4460 ct
1376 4395 1492 4480 ροίοοίια
1509 4393 1529 4445 t!
1572 4379 1573 4456 ί

375 4496 529 4577 superbio.
576 4497 673 4561 τουτεῖ
700 4499 847 4560 Doricum
879 4503 972 4561 etiarn
1000 4499 1087 4581 apud
1118 4501 1319 4564 Theocritum
1341 4521 1359 4562 ν
1379 4501 1415 4561 33
1432 4497 1466 4558 tt
1482 4489 1525 4552 ⁴0³
