3182 5132
490 529 497 539 ,
550 479 722 547 Aaronem.
748 527 751 537 .
1159 473 1233 546 lul

48 667 183 732 trarcha:
209 666 250 730 de
275 685 338 749 qua
361 689 396 734 re
418 669 496 734 alias
517 668 584 732 dixi
613 667 694 751 (tter.
719 670 776 739 der
798 669 825 734 h.
852 671 953 734 sacis.
978 691 1041 755 aas.
1064 675 1122 738 der
1142 677 1231 742 aoiss.

49 771 257 852 hiphil).
297 769 444 856 [rent.
827 843 831 848 ,

125 873 216 948 Quod
238 876 394 956 scriptum
417 885 466 939 εει
494 877 595 939 Valeri
616 877 773 940 Martialis
795 878 1047 960 epipramrautura
1071 879 1144 944 libri
1166 900 1235 948 rrrrr

47 977 83 1038 ad
97 979 253 1040 Lucanam
276 985 305 1040 et
323 979 452 1055 Tullum,
478 981 629 1046 nhniram
653 982 847 1061 epigramma
863 1000 873 1042 ι
888 982 942 1045 36.
953 983 1085 1048 in'libm
1102 985 1231 1052 Puteani

49 1081 84 1140 ita
106 1082 378 1162 inscriptumast,
404 1082 446 1151 ad
469 1086 625 1148 Lucanum
648 1091 677 1146 et
701 1084 832 1149 Tullum.
940 1130 942 1141 ·

124 1183 215 1258 Quod
239 1187 384 1266 sequitur
400 1186 530 1250 Seruius
545 1183 687 1268 Aquiliae
704 1187 839 1250 initium
856 1197 905 1250 est
921 1187 994 1252 libri
1008 1187 1052 1254 da
1070 1189 1228 1254 finalibus.

123 1288 156 1348 ln
186 1287 350 1349 Ciceronis
378 1287 532 1352 librorum
563 1290 705 1352 numeris
733 1288 897 1352 turbatum
925 1301 983 1357 cst.
1030 1295 1232 1375 conproban-

45 1371 159 1452 duntur
182 1390 315 1454 fortasse
338 1390 535 1454 numerando
557 1393 704 1456 diversae
720 1396 888 1458 orationes.
932 1395 973 1456 ita
989 1413 1061 1458 aum
1077 1400 1230 1478 scriptum

45 1503 87 1554 εει
107 1505 199 1556 antea
219 1495 351 1556 Terentii
364 1491 497 1557 Andria.
529 1494 603 1558 libri
623 1497 712 1559 trrulti
732 1496 966 1577 intellegendae
988 1517 1058 1562 esse
1080 1500 1232 1568 videntur

45 1615 95 1656 sex
116 1599 256 1660 Terentii
285 1598 482 1663 comoediae:
515 1617 622 1680 neque
652 1601 737 1662 enim
764 1599 805 1662 de
829 1601 935 1667 multia
958 1600 1098 1666 Andriae
1120 1621 1231 1670 exem-

46 1699 179 1778 plaribus
203 1703 421 1783 cogitaverim.
814 1754 816 1763 .

121 1804 308 1867 Orationum
337 1825 378 1868 ex
400 1806 541 1869 Sallustii
565 1805 699 1869 Catilina
720 1806 871 1886 Iugurtha
896 1809 1041 1873 Historiis
1063 1819 1230 1890 excerpta-

45 1924 106 1966 mm
130 1927 231 1971 unum
254 1912 400 1972 novimus
423 1910 585 1990 exemplar
608 1918 767 1974 vetustum
790 1911 986 1977 Vaticanum.

121 2011 183 2085 Qui
217 2021 372 2076 secuntur
401 2012 475 2076 libri
499 2011 630 2076 Alchioii
657 2010 697 2074 ad
719 2013 876 2077 Alcimum
898 2014 1063 2081 Ecdicium
1085 2013 1224 2094 Avitum,

43 2114 220 2195 episcopum
242 2115 472 2196 Viennensem,
505 2135 568 2178 non
591 2125 667 2178 sunt
689 2116 862 2181 referendi.
910 2119 1052 2198 incipere
1079 2117 1229 2184 dicuntur

44 2217 97 2292 ita,
129 2219 167 2279 la
198 2218 417 2282 adulescentem
452 2218 503 2300 (ita
534 2220 619 2282 enim
649 2218 856 2282 scribendum
888 2223 943 2302 est)
979 2223 1032 2302 qui
1057 2224 1089 2287 iri
1109 2222 1228 2302 pahttoo

41 2327 123 2398 patre
144 2319 271 2384 cadente
293 2323 414 2384 risisset
442 2321 545 2404 (immo
567 2323 646 2403 risit)
674 2330 701 2385 et
724 2324 883 2406 tenporali
900 2324 1021 2404 puellae
1044 2328 1228 2390 occatoriam

42 2421 125 2484 dedu.
174 2423 233 2486 luit
262 2435 318 2487 aut
345 2443 474 2489 carmen
496 2437 551 2488 aut
574 2425 775 2504 declamatio,
809 2426 962 2508 idemque
982 2426 1156 2493 dicendum
1180 2441 1227 2491 est

41 2522 76 2584 da
96 2529 305 2591 controversia
317 2517 452 2610 fullonis¹
476 2531 525 2594 uel
544 2528 588 2610 (id
603 2539 651 2592 εει
666 2529 704 2610 ει)
723 2530 806 2594 colai
816 2553 824 2590 .·
848 2549 1042 2612 quamquam
1058 2551 1120 2597 noa
1137 2532 1284 2612 capionis

42 2647 115 2706 <puae
138 2630 192 2692 illa
214 2634 355 2712 potuerit
378 2652 447 2696 esse
471 2635 695 2696 controversia.
743 2634 804 2698 luit
820 2645 926 2704 aretam
942 2633 1072 2700 Latinus
1085 2631 1227 2698 Alcimus

41 2731 179 2796 Alethius
201 2735 318 2812 rhetor,
346 2754 443 2816 quem
458 2733 619 2802 Ausonius
632 2737 848 2804 Ptolemaeum
864 2736 1140 2816 Burdigalensium
1152 2755 1226 2800 aar·

42 2837 118 2897 mine
146 2837 247 2900 altero
276 2838 428 2902 celebrat..
474 2859 548 2904 oum
577 2838 654 2906 dicit
682 2857 757 2907 eum
777 2840 899 2920 palatur
918 2839 1057 2920 forarisis.
1076 2847 1104 2902 at
1124 2857 1227 2903 cume-

41 2957 145 3000 aarum
177 2940 268 3012 decus
291 2951 323 3003 et
345 2953 497 3009 oratorem
522 2943 628 3009 laudat
650 2954 684 3005 et
704 2951 840 3024 poetam.
888 2962 927 3006 ex
949 2941 1063 3009 eodem
1084 2943 1225 3004 carmine

41 3040 186 3106 discimus
207 3043 364 3108 Alcimum
394 3056 448 3109 aut
470 3047 635 3127 scripsisse
654 3056 711 3112 aut
737 3045 878 3112 scribere
902 3045 1040 3109 voluisse
1063 3045 1164 3110 libros
1184 3044 1224 3108 de

41 3145 152 3210 tuliano
177 3148 368 3228 imperatore
390 3159 422 3212 et
445 3148 485 3212 de
502 3149 620 3212 Sabino
644 3150 700 3230 qui
720 3166 792 3214 cum
808 3150 927 3216 iuliano
943 3151 1054 3216 eonem
1069 3149 1225 3214 luitanuo

41 3259 102 3326 post
125 3250 288 3314 Christum
319 3262 429 3316 natum
443 3271 583 3316 ccccnru.
629 3252 669 3318 ad
698 3273 772 3318 eum
793 3252 949 3319 Alcimum
977 3255 1116 3332 pertinet
1138 3251 1224 3333 quod

40 3351 244 3436 Hieronymus
273 3356 306 3416 in
329 3374 412 3418 anno
434 3354 581 3418 Abrahae
598 3373 781 3434 tuccetum,
813 3355 846 3418 id
876 3364 924 3421 ast
945 3356 980 3419 iu
1000 3373 1083 3417 anno
1107 3354 1224 3418 Christi

40 3473 136 3518 occia
160 3456 286 3536 scribit,
310 3455 446 3530 Alcimus
469 3467 497 3524 et
518 3458 696 3539 Delphidius
715 3459 851 3524 rhetores
868 3461 899 3520 ta
913 3455 1097 3539 Aquitanica
1109 3457 1224 3537 storea

38 3559 143 3621 tissime
173 3561 289 3624 doceat.
331 3561 445 3626 laudat
470 3563 627 3629 Alcimum
649 3560 840 3643 Apollinaris
863 3560 1012 3625 Sidonius
1035 3562 1093 3641 Epl
1112 3577 1165 3624 uu
1183 3561 1217 3622 u

38 3671 64 3720 et
92 3663 187 3726 simul
215 3684 287 3728 cum
316 3664 485 3746 Delphidio
508 3666 566 3747 Ep.
586 3686 603 3726 v
621 3667 670 3727 lt).
719 3663 908 3731 tribuuntur
938 3663 1012 3728 huic
1034 3661 1155 3726 Aloimo
1182 3662 1222 3726 ab

39 3763 223 3832 hominibus·
240 3767 343 3832 doctis
370 3770 512 3833 carmina
539 3787 602 3834 uon
630 3769 732 3847 nulla,
769 3767 809 3832 de
838 3766 956 3847 quibus
986 3763 1222 3834 Wernsdoriius

37 3865 110 3930 dixit
126 3871 212 3932 Pacu
231 3874 299 3934 bat.
315 3873 393 3946 mia.
412 3881 435 3934 ι.
452 3891 483 3940 ,νε
499 3893 533 3954 p.
548 3873 639 3936 euss.
658 3890 722 3937 uon
738 3871 860 3935 minora
875 3868 1098 3951 probabilitate
1116 3866 1220 3933 eidem

37 3969 148 4034 Alcime
170 3973 355 4038 uihuemus
375 3995 456 4056 quae
480 3977 514 4037 in
536 3975 729 4038 Santeaiauo
752 3973 833 4036 libro
857 3981 1142 4037 conmemorantur.

114 4077 261 4158 Denique
285 4077 436 4145 docemur
457 4098 520 4159 qao
542 4088 684 4160 tempore
700 4075 876 4142 Arusianus
891 4076 1021 4141 Messius
1037 4073 1161 4136 vixerit.
1190 4083 1223 4138 et

35 4181 232 4259 conposuisse
249 4201 323 4247 aum
338 4182 492 4262 Exempla
507 4182 717 4249 elocutionum
734 4191 899 4262 postauam
916 4177 1139 4242 Constantinus
1155 4186 1221 4240 tres

36 4284 177 4348 comitum
201 4284 489 4348 ordinasinetituit
512 4283 588 4350 inde
612 4284 754 4366 intellegi
777 4293 899 4365 potarat
921 4280 1006 4362 quod
1026 4279 1121 4344 Gudii
1144 4299 1220 4361 apo-

37 4387 185 4466 stapham
215 4388 301 4452 hunc
331 4386 427 4452 habat
455 4388 600 4465 titulum,
639 4385 789 4452 timreinai
810 4388 904 4450 Messi
925 4404 954 4446 a.
980 4385 1219 4446 carcerariis

33 4491 122 4565 primi
146 4491 267 4556 ordinis
296 4493 440 4574 emeurplo
467 4491 667 4556 elocutionum
696 4509 738 4554 erc
766 4491 888 4573 Virailio
911 4488 1058 4552 Sallustio
1084 4488 1220 4550 Terentio

37 4592 184 4658 Cicerone.
205 4596 431 4661 Sentenianus·
443 4593 527 4658 liber
542 4592 633 4658 docet
655 4592 883 4674 praefationem
900 4591 1050 4656 habuisse
1066 4591 1218 4672 Exempla
