3252 5130
551 395 768 458 Courncmnm.
1179 380 1253 454 593
1285 407 1291 420 ·

72 583 196 646 bachius
218 584 310 664 quasi
333 587 437 646 omnia
460 594 567 646 essent
590 586 785 666 plenissima.
819 587 1032 667 perspicacior
1055 605 1091 648 eo
1106 586 1256 648 Reislrius

69 686 232 770 προσειπεῖν
256 685 442 748 mutandum
467 705 536 750 esse
565 690 743 751 coniecerat
766 691 798 750 in
821 687 998 774 προφέρειν,
1035 690 1116 752 ‘nisi'
1150 689 1255 768 inquit

74 790 237 870 ‘vulgatam
259 789 396 870 accipies
418 788 458 852 de
482 790 724 870 cognominibus
747 794 780 853 in
801 792 968 868 absentem
992 793 1135 854 iactatis.'
1175 810 1255 871 nego

70 891 233 975 προσειπεῖν
257 894 300 954 itu
323 891 387 954 dici
409 894 561 974 potuisse,
586 893 745 980 προφέρειν
769 905 875 957 autem
903 897 962 956 etsi
986 896 1185 976 aptissimum
1209 903 1256 956 est

71 993 276 1076 exprobrandi
299 995 541 1075 significatione,
567 999 749 1060 mutationis
771 1008 877 1059 tamen
900 1000 1007 1079 speeie
1036 1017 1147 1079 parum
1171 1017 1256 1059 com⁴

72 1098 244 1160 mendutur.
278 1097 429 1178 equidem
446 1099 647 1162 Plutarchum
671 1102 837 1182 scripsisse
854 1113 929 1182 puto
951 1098 981 1163 τί
1002 1095 1029 1162 δ’
1055 1098 1125 1171 ἔπος
1147 1100 1252 1164 εἰπεῖν.

70 1200 140 1263 addi
163 1200 196 1263 id
220 1203 323 1282 poluit
345 1201 515 1264 verborum
533 1201 679 1266 ubertate
696 1223 899 1284 nequaquem
916 1204 1137 1286 vituperanda.
1164 1203 1255 1284 pluro

70 1316 189 1366 acervat
212 1305 440 1367 Demosthenes
462 1304 503 1366 de
526 1306 603 1368 lalsa
626 1307 781 1387 legatione
797 1305 815 1389 δ
832 1309 903 1386 tle,
930 1306 966 1376 oti
987 1305 1083 1372 τοίνυν
1105 1300 1251 1384 ἀντεῖπεν,

71 1402 135 1470 υόδέ
158 1409 244 1492 διῆρε
266 1402 298 1470 τὸ
322 1401 429 1489 στόμα,
448 1401 483 1472 oti
500 1403 527 1469 δ’
548 1408 713 1493 ἐφθέγξατο
729 1407 862 1474 ἐναντίον
879 1406 978 1476 οὐδέν.
1010 1412 1091 1475 illud
1113 1415 1255 1495 opinioni

72 1531 154 1573 meae
178 1510 310 1573 fortasse
334 1512 407 1590 quis
429 1513 613 1592 opposuerit
637 1513 723 1594 quod
744 1510 815 1584 ἔπος
839 1515 880 1576 ita
903 1503 1095 1578 ut‘verhum
1111 1519 1162 1580 vel
1186 1516 1256 1578 dic-

72 1625 130 1675 tum
153 1615 312 1696 significet
334 1632 397 1674 non
414 1624 590 1694 usurpatur
605 1614 672 1677 lere
689 1618 721 1677 iu
738 1635 831 1696 prose
848 1620 988 1680 oratione
1010 1629 1141 1700 praetor
1155 1630 1259 1681 certas

70 1716 220 1796 ‹puasdam
249 1709 378 1778 dicendi
408 1716 576 1780 formulas:
609 1717 667 1780 scd
702 1718 904 1798 Plutarchus,
937 1723 964 1782 si
993 1720 1149 1785 eiusmodi
1179 1722 1259 1802 quid

70 1819 172 1881 dicere
195 1820 296 1881 voluit
319 1820 413 1899 quale
438 1839 511 1882 eum
534 1822 704 1901 protulisse
727 1824 882 1884 orationis·
902 1823 999 1886 lorma
1029 1827 1105 1887 satis
1128 1825 1258 1889 videtur

72 1923 220 2000 indicare,
246 1941 308 1984 non
332 1915 435 2002 potuit
458 1923 668 1986 commodiore
692 1927 739 1986 uli
762 1924 925 1988 vocabulo.

151 2045 212 2105 Cl'.
241 2023 393 2106 'loannes
416 2043 541 2104 Malaios
563 2065 595 2124 p.
620 2045 658 2105 ἀί
683 2045 738 2106 Or.
785 2040 835 2108 τόν
864 2041 921 2131 γάρ
950 2043 1110 2131 λεγόμενον
1140 2044 1257 2134 Κρόνον

71 2142 175 2230 ἀστέρα
189 2141 335 2208 ιέιιάλουν
363 2141 413 2209 τὸν
437 2140 609 2229 λάμποντα,
640 2142 689 2210 τὸν
714 2145 747 2210 δὲ
770 2144 839 2220 Διὸς
864 2145 914 2212 τόν
943 2149 1113 2235 φαέθοντα,
1150 2147 1200 2216 τόν
1225 2151 1258 2216 δὲ

64 2240 159 2333 Ἄρεος
181 2245 232 2312 τάν
255 2246 393 2333 πυρίόδη,
418 2245 468 2312 τάν
492 2247 525 2312 δὲ
545 2244 718 2334 Ἀφροδίτης
740 2245 789 2314 τὸν
812 2245 987 2324 κάλλιστον,
1020 2248 1070 2318 τόν
1094 2252 1127 2318 δὲ
1148 2251 1257 2340 Ἑρμοῦ

69 2348 113 2414 τόν
137 2351 312 2437 στίλβοντα·
338 2343 425 2415 ἀτινα
448 2347 522 2435 μετά
544 2355 639 2417 ταῦτα
662 2347 803 2437 Σωτάτης
832 2349 848 2418 ὁ
878 2349 1051 2442 σοφώτατος
1073 2351 1254 2442 ἡρμήνευσε.

72 2453 178 2516 lelellit
201 2457 310 2536 opinio
334 2455 525 2517 ludovicum
548 2455 746 2518 Dindorfrum
778 2477 849 2520 oum
881 2454 1038 2544 Σωτάτης,
1073 2461 1158 2542 quod
1182 2481 1257 2525 sune

71 2559 157 2618 nihili
181 2570 241 2636 est,
268 2559 300 2620 in
318 2553 461 2642 Σωτάδης
485 2548 679 2621 mutandum¹
704 2580 775 2622 esse
798 2562 967 2624 coniceret.
1015 2583 1088 2625 nam
1112 2564 1318 2627 scribon-etr

71 2661 141 2723 dum
164 2681 235 2724 esse
254 2653 397 2744 Ὀστάνης
420 2681 456 2722 eu
479 2661 595 2723 docent
611 2653 700 2742 {qnae
723 2663 882 2725 Eusebius
906 2666 1014 2745 Proep.
1042 2685 1157 2748 eunng.
1182 2687 1199 2728 ν
1218 2670 1254 2730 ll

70 2785 99 2842 p.
124 2767 185 2827 202
222 2766 291 2844 Vig.
318 2767 378 2825 933
410 2763 505 2826 Dind.
539 2785 556 2826 e
587 2766 751 2846 Porphyrii
783 2765 873 2828 libris
902 2763 969 2851 cepi
1005 2769 1058 2851 τῆς
1088 2768 1122 2831 ἐκ
1151 2769 1259 2854 λογίων

69 2866 247 2952 φιλοσοφίας
270 2867 382 2929 udlert.
409 2863 459 2929 ναί
480 2859 569 2930 πάλιν
593 2867 624 2930 ἐν
647 2869 795 2952 χρησμοῖς
817 2865 876 2953 ἔφη
899 2865 1142 2935 civitellam«
1166 2873 1259 2936 εἰπεῖν

222 3001 344 3090 κληῖσιν
362 2999 506 3090 Ἑρμείην
529 2999 580 3089 ἠδ’
605 2995 726 3070 Ἠέλιον
749 3001 827 3069 κατὰ
848 3000 951 3086 ταύτά,

224 3103 322 3194 ἡμέρη
344 3105 481 3186 Ἠελίου,
508 3103 616 3194 Μάνην
641 3105 668 3172 δ’
696 3101 745 3172 ὅτε
767 3111 857 3193 τῆσδε
879 3109 999 3196 παρείη,

222 3207 279 3297 ἠδὲ
303 3207 419 3298 Κρόνον
442 3208 492 3275 καί
508 3207 599 3276 Ῥέαν
622 3205 674 3296 ἡδ’
701 3211 795 3296 ἑξείης
814 3208 989 3299 Ἀφροδίτην

223 3311 363 3399 κλήσεσιν
387 3311 578 3401 ἀφίίέγκτοις,
606 3307 640 3388 ἀς
664 3307 733 3400 εὗρε
757 3310 861 3399 μάγων
885 3308 937 3402 ὄχ’
965 3308 1084 3404 ἀριστος

223 3423 275 3503 τῆς
298 3416 511 3504 ἑπταφθόγγου
534 3414 686 3502 βασιλεός,
709 3409 744 3482 όν
767 3414 875 3491 πάντες
897 3415 1007 3484 ἴσασιν.

68 3518 207 3608 Ὀστάνην
232 3521 328 3605 λέγεις
352 3515 493 3586 εἰπόντων
517 3517 667 3606 ἐπήγαγεν

225 3621 275 3689 καί
299 3621 416 3711 σφόδρα
437 3621 488 3688 καί
510 3621 582 3689 καθ’
609 3625 733 3690 ἕκαστον
757 3621 805 3690 ἀεί
828 3623 897 3690 θεὸν
921 3620 1027 3690 ἑπτάκι
1050 3627 1171 3712 φωνεῖν.

74 3801 182 3846 tersus
205 3784 323 3844 oraculi
347 3786 461 3844 tertius
486 3781 615 3844 fortasse
644 3785 687 3844 ila
710 3783 930 3846 emendandus
960 3793 1025 3860 est,
1057 3778 1113 3867 ἠδὲ
1145 3778 1261 3868 Κρόνον

72 3907 102 3948 τε
118 3881 210 3950 Ῥέαν
232 3880 261 3948 τ’
287 3879 340 3969 ἠδ’
368 3883 463 3969 ἑξείης
483 3880 666 3970 Ἀφροδίτην.
714 3905 796 3966 quae
819 3896 889 3966 post
912 3889 1060 3967 quintum
1078 3906 1205 3950 versum
1221 3887 1262 3948 ab

75 3990 209 4052 Eusebio
238 3989 360 4050 adiecta
391 3999 464 4053 sunt
492 3991 538 4050 sic
566 3992 683 4070 scripta
713 4008 775 4050 nou
804 3989 969 4070 intellego,
1002 3989 1129 4053 videtur
1155 4001 1261 4053 nutem

73 4096 237 4174 scripsisse
258 4087 400 4176 Ὀστάνην
424 4091 516 4176 λέγει.
564 4090 668 4155 ἔπειτα
690 4087 851 4176 ἐπήγαγεν.
899 4096 1063 4173 pertinent
1086 4093 1148 4156 huo
1168 4097 1262 4155 etiarn

75 4215 109 4257 eu
131 4217 214 4277 quae
239 4196 353 4259 Suides
383 4199 415 4258 in
446 4191 628 4280 ἀστρονομία
659 4195 772 4272 hebet,
806 4191 989 4280 ἀστρονομία
1019 4189 1038 4280 ἡ
1066 4198 1125 4260 τῶν
1146 4186 1262 4280 ἀστρων

74 4295 212 4383 διανομή.
258 4301 372 4384 πρῶτοι
395 4293 588 4385 Βαβυλώνιοι
608 4293 719 4382 ταότην
736 4299 862 4384 ἐφεῦρον
885 4293 935 4361 διά
951 4293 1163 4384 Ζωροάστρου,
1187 4293 1259 4382 μεθ’

72 4391 104 4462 ἀν
120 4400 170 4464 καί
182 4397 352 4486 Ὀστάνης·
378 4399 408 4466 οἳ
422 4401 588 4486 ἐπέστησαν
604 4425 640 4487 τη
658 4397 784 4486 οὐρανίη
805 4397 921 4485 κινήσει
938 4397 976 4464 τὰ
990 4397 1057 4486 περὶ
1078 4397 1146 4472 τοδς
1160 4423 1264 4465 attro-

78 4504 181 4586 μένους
204 4505 390 4592 συμβαίνειν.
