3156 5132
561 405 730 467 Anausaro.
1166 393 1239 466 327

68 593 258 658 scribendum
286 615 357 658 csse
385 597 483 677 ipsum
506 595 607 657 lucam
629 597 682 676 poi
705 597 885 678 Capitolium
907 603 1034 658 monam
1057 599 1171 678 caepit:
1196 595 1241 665 ibi

68 718 180 779 quoque
208 699 317 779 strepit
345 707 392 760 cst
423 699 455 760 in
486 696 568 760 libro
590 697 756 776 bobiensi,
789 709 875 760 cerlo
897 698 984 780 apud
1007 701 1132 762 Maium.
1180 719 1241 761 non

65 802 201 864 abhorret
230 811 336 864 autern
359 820 377 863 a
400 801 531 880 figurata
553 797 680 882 bpnlcii
708 802 849 864 oratione
872 801 957 883 quod
981 803 1105 883 saepire
1129 803 1241 868 urbem

64 905 171 968 dicimur
192 905 272 966 deus
295 923 390 984 quam
413 902 555 966 custodia
578 923 635 967 sua
658 906 749 985 quasi
772 906 877 986 cingat
900 915 932 968 et
954 905 1181 968 circumvallet.

138 1006 305 1088 apologiae
329 1026 398 1088 cap.
417 1007 435 1068 3
460 1027 492 1088 p.
512 1007 573 1068 383
598 1026 661 1069 non
685 1008 779 1090 plena
803 1017 851 1070 est
868 1008 967 1070 oratio
984 1008 1017 1070 in
1033 1008 1093 1087 his,
1114 1017 1243 1090 proptor

63 1111 133 1192 prod
156 1111 262 1192 paullo
290 1112 382 1192 priua
400 1110 529 1192 patroni
550 1106 714 1172 Aemiliani
734 1112 831 1174 multo
852 1113 884 1174 ia
907 1129 953 1172 mo
971 1112 1099 1193 proprie
1121 1115 1245 1193 conficto

62 1222 86 1275 et
111 1215 173 1276 otro
201 1215 398 1276 communiter
424 1214 456 1274 in
475 1212 668 1294 philosophos
690 1222 777 1288 ructa
798 1213 836 1274 ob
860 1215 1008 1294 imperitis
1029 1217 1244 1277 mercennario

62 1319 231 1398 loquacitate
259 1317 446 1398 effutierant.
494 1315 550 1378 sed
580 1335 688 1379 errare
719 1335 772 1378 eos
801 1325 876 1396 puto
906 1317 961 1397 qui
990 1324 1078 1380 aucto
1100 1319 1132 1380 in
1156 1319 1244 1382 aliud

62 1421 255 1500 participium
279 1417 466 1482 mutandum
490 1438 560 1480 esse
584 1419 796 1499 suspicantur,
822 1420 963 1482 omniurn
985 1429 1089 1482 autem
1113 1423 1242 1484 minime

64 1521 152 1602 probo
174 1520 259 1602 quod
283 1540 388 1602 nuper
406 1522 561 1602 prolatum
579 1531 627 1584 est
641 1528 778 1584 consuto.
819 1521 1020 1586 intercidisse
1036 1524 1240 1604 infinitivum,

62 1625 121 1686 siva
150 1626 176 1688 is
196 1625 275 1708 fiapi
296 1623 355 1686 luit
378 1626 445 1686 sivo
469 1624 572 1687 simile
595 1624 733 1704 aliquid,
765 1644 828 1686 non
851 1624 1012 1688 dubitabit
1034 1627 1089 1706 qui
1114 1637 1244 1708 reputa-

63 1729 136 1788 verit
163 1727 195 1788 in
219 1725 347 1808 Apuleii
377 1727 469 1790 libris
499 1737 529 1788 et
554 1729 690 1789 maxime
717 1729 749 1788 in
772 1729 831 1790 bac
854 1729 921 1808 ipsa
943 1727 1094 1809 Apologia
1116 1730 1243 1810 saepius

62 1830 186 1912 syllabas
213 1839 246 1892 et
271 1829 368 1894 verba
391 1830 595 1892 librariorum
618 1830 821 1912 neglegentia
845 1831 958 1894 omissa
981 1849 1063 1894 esse.
1109 1831 1243 1894 demon-

62 1933 157 1996 strabo
180 1953 249 1995 rern
272 1933 363 1996 novis
386 1934 542 2014 exemplis
564 1932 700 1996 duobus.

138 2037 213 2118 Cap.
231 2036 272 2098 85
297 2056 329 2117 p.
348 2035 445 2098 570s.
484 2033 658 2116 Apuleius,
692 2038 719 2100 si
751 2036 916 2100 reddimus
939 2039 968 2099 ci
992 2037 1077 2118 quod
1100 2039 1238 2118 scripsit,

62 2141 97 2202 ita
118 2141 267 2220 loquitur,
293 2147 374 2219 mac,
399 2139 513 2217 ultimo,
535 2140 676 2221 pareatis
700 2147 769 2202 tuoe
791 2142 927 2204 animum
950 2141 1071 2203 insistis
1092 2142 1239 2220 scrutari,

62 2245 150 2306 oculos
172 2230 336 2320 cabanas,
361 2243 529 2324 cooperitur
551 2261 708 2321 numeros,
733 2243 916 2326 adfectiones
938 2244 1097 2324 emptores,
1121 2243 1242 2306 tubulos
1252 2263 1282 2310 ot

63 2348 217 2428 intercipio,
242 2363 377 2408 ommam
400 2347 555 2410 reviacis?
577 2354 648 2410 tuno
670 2347 743 2429 quid
765 2347 797 2410 ia
819 2346 955 2410 cubiculo
977 2353 1051 2430 agot
1062 2350 1243 2429 perquiris?

63 2449 150 2512 tibino
174 2457 273 2512 molar
295 2455 349 2512 too
370 2449 436 2512 dico
458 2451 611 2528 omotrt'cc,
636 2449 690 2514 red
710 2469 765 2514 aec
788 2451 907 2512 omuino
927 2450 1045 2531 semino
1066 2453 1133 2514 cat?
1155 2469 1192 2512 ao
1210 2458 1243 2512 ta

64 2553 88 2612 ic
108 2572 142 2614 oo
162 2553 272 2636 copitar
294 2551 357 2614 aui
376 2570 471 2614 onom
491 2555 630 2634 portatio
653 2554 838 2637 religionem.
886 2550 941 2615 ubi
964 2551 1056 2614 tibiae
1078 2553 1168 2634 posui
1191 2571 1242 2616 so-

64 2653 118 2716 lum
145 2665 212 2718 erat
241 2673 290 2716 ae.
338 2654 417 2718 illud
439 2653 609 2736 Apuleium
638 2658 804 2738 scripsisse
828 2665 859 2718 et
881 2655 1062 2718 necessaria
1084 2656 1243 2717 sententia

63 2755 142 2820 docet
168 2769 200 2822 et
223 2767 309 2819 recta
332 2767 427 2838 atque
450 2779 522 2820 cum
546 2760 670 2841 reliqua
692 2762 833 2824 oratione
856 2777 1035 2840 congruens
1058 2757 1156 2819 lorma
1179 2777 1242 2838 qua

64 2879 94 2920 aa
118 2861 273 2926 sententia
303 2859 498 2924 enuntianda
528 2873 613 2926 erat:
647 2862 747 2943 pudet
775 2870 882 2924 autem
912 2860 1059 2924 refellere
1083 2879 1166 2941 quae
1187 2861 1241 2922 alii

64 2965 168 3043 opinati
190 2973 277 3026 sunt.
324 2973 417 3026 antea
442 2983 528 3044 vcro,
553 2963 609 3028 ubi
626 2967 639 3026 i
649 2989 655 3024 r
675 2967 739 3028 istis
755 2966 908 3028 rancoris
924 2962 1101 3044 legebatur,
1126 2965 1240 3046 scripsi

66 3067 165 3130 insistis
188 3069 346 3130 scrutari:
369 3086 475 3148 neque
498 3069 583 3130 enim
607 3069 778 3148 quicquam
801 3066 932 3150 prodest
954 3070 986 3129 in
1009 3066 1130 3130 delere.

138 3170 211 3250 Cap.
231 3172 272 3232 96
296 3191 328 3252 p.
347 3170 408 3231 590
434 3171 476 3232 ita
499 3169 705 3234 scribendum
729 3181 787 3252 ost,
814 3190 919 3251 neque
940 3171 1025 3232 enim
1042 3169 1165 3249 dubito,
1191 3171 1242 3232 tit-

66 3275 134 3334 toror
161 3281 262 3335 tamea
291 3291 367 3354 ptos
390 3273 431 3336 od
452 3293 499 3336 mo
522 3273 705 3356 Gortlropice
727 3275 775 3336 vel
797 3276 858 3336 iom
881 3273 1047 3336 caventono
1070 3291 1112 3336 em
1135 3275 1242 3336 itinera

64 3377 223 3453 praemisit,
257 3394 334 3457 quos
362 3375 461 3439 adbuc
483 3377 622 3454 coldus,
654 3395 731 3458 quos
754 3381 815 3440 iorn
837 3395 942 3458 caper,
972 3376 1082 3457 planos
1104 3375 1239 3454 lionoris,

64 3475 154 3553 plenos
177 3480 303 3554 catoris,
329 3497 450 3560 quaeso,
477 3483 626 3558 docimo,
648 3480 821 3562 paullisper
844 3481 971 3542 recitari
992 3481 1088 3553 sinos,
1115 3488 1149 3541 ut
1166 3480 1242 3542 scial

64 3575 148 3654 fruar
169 3583 245 3661 aas,
271 3591 432 3646 accusator
454 3601 549 3656 morte,
575 3602 666 3666 quom
690 3585 789 3645 invita
810 3587 842 3644 ia
857 3580 994 3644 omnibus
1012 3584 1154 3645 llinoroo
1168 3601 1242 3644 cur·

68 3682 180 3746 rimlum
201 3686 410 3766 cumfratre,
443 3688 571 3768 optimae
593 3687 755 3748 memoriae
779 3686 863 3764 viro,
889 3691 1008 3746 narrat.
1058 3686 1162 3748 missis
1185 3685 1242 3746 bo-

67 3785 171 3849 minum
199 3787 362 3850 doctorum
388 3789 547 3852 miraculis
570 3791 668 3852 invito
691 3790 830 3868 inserui,
863 3786 948 3868 quod
972 3786 1122 3850 librarius
1144 3788 1243 3850 oculis

68 3884 99 3946 ab
118 3909 176 3952 uno
199 3895 230 3953 in
252 3890 291 3954 ad
315 3893 450 3955 alterum
474 3891 698 3954 aberrantibus
720 3893 843 3970 omisit;
871 3909 932 3972 quo
954 3889 1036 3952 lacto
1052 3892 1194 3953 Minerva
1209 3891 1242 3952 in

71 3989 218 4072 lliatrooa
244 3993 329 4075 quod
353 3994 427 4056 libri
452 3995 582 4074 habeat,
608 3994 818 4076 depravatum
841 4005 899 4056 est.

141 4097 191 4160 llis
205 4096 286 4159 addo
302 4097 437 4178 quidde
453 4099 524 4160 aliis
535 4097 705 4179 apologiae
719 4097 838 4176 verbis,
854 4117 934 4178 quae
951 4098 1104 4177 leguntur
1116 4115 1184 4177 cap.
1200 4095 1239 4157 73

72 4209 97 4270 p.
116 4195 187 4279 547,
217 4201 369 4264 sentiam:
406 4201 463 4263 sed
493 4200 672 4263 adscribam
701 4202 806 4283 potius
835 4202 941 4262 statim
970 4206 1121 4260 correcta.
1168 4217 1243 4262 masc

72 4299 200 4364 oodborio
222 4305 312 4367 mirso
331 4306 496 4366 Pontianus
518 4323 551 4366 oo
570 4306 723 4386 priaco'pio
742 4324 788 4366 ma
803 4304 929 4366 adortus
945 4320 1124 4366 consensum
1137 4301 1241 4383 publi-
1306 4328 1307 4331 ¹

73 4415 115 4460 coo
133 4407 206 4468 vocis
224 4427 283 4490 pro
305 4407 410 4468 divino
432 4409 568 4489 auspicio
591 4409 812 4488 interpretatur
834 4407 991 4488 operitque
1009 4406 1167 4469 consiliam
1183 4405 1243 4468 sibi

73 4515 134 4578 trra,
156 4509 182 4570 oi
200 4529 249 4594 apo
272 4511 457 4586 ricopolim,
483 4517 611 4575 matram
634 4529 733 4586 suom,
758 4512 810 4574 cui
827 4511 958 4593 plurimi
975 4508 1099 4586 initiant,
1126 4527 1240 4574 numam
