3182 5132
474 467 478 474 ·
576 419 746 488 tlttttsurt.
1180 413 1259 512 .43,7

83 619 159 686 meet,
180 627 236 691 per
257 627 332 690 quoa
351 627 470 674 mactem
493 611 524 671 in
538 613 673 694 pralium
688 613 792 676 rediit.
830 613 985 696 tragicum
1003 625 1050 678 est
1071 626 1102 679 et
1118 619 1261 683 numeris

83 725 109 776 et
127 731 265 776 sermore
792 775 796 782 .

687 819 822 900 imploret
838 820 929 902 fidem

176 971 181 980 .
228 955 232 963 ·
271 922 357 987 loeis
375 919 545 1002 tospualal,
573 922 683 1000 Graios
705 924 802 986 omis
825 934 977 1004 eoovocot.
1064 987 1067 996 ,

83 1025 168 1103 potuit
189 1022 222 1086 id
245 1023 313 1088 diei
332 1022 373 1092 de
396 1025 550 1088 Menelao.

153 1129 255 1191 XGlll.
295 1126 346 1192 Ad
368 1127 500 1207 Aetnae,
526 1130 676 1194 carminis
699 1129 973 1212 depravatissimi,
1005 1131 1260 1196 emendationem

82 1251 161 1313 saepe
183 1232 306 1313 aliquid
328 1232 474 1299 oonterre
497 1231 617 1310 studui,
644 1251 729 1297 nune
751 1234 813 1301 alie
835 1233 1020 1318 depromam
1038 1255 1119 1320 quae
1137 1235 1260 1301 diutina

81 1339 137 1402 eius
151 1336 404 1417 pertrootatiooe
417 1335 501 1399 olim
524 1335 695 1399 adsecutus
716 1356 799 1400 sum.
840 1356 913 1402 nam
935 1350 971 1400 ut
994 1359 1145 1424 nmquam
1159 1349 1260 1402 totum

80 1459 192 1504 earmen
221 1457 292 1510 mea
320 1457 400 1503 eura
427 1450 656 1520 perpurgetmn
689 1438 787 1502 edere
818 1442 936 1524 possim
965 1462 1002 1504 eo
1025 1444 1125 1526 megis
1147 1462 1260 1506 vereor

81 1563 132 1623 quo
151 1544 280 1623 saepius
302 1543 372 1607 eius
396 1542 563 1606 lectionem
586 1553 706 1624 repeto.
753 1545 906 1609 nimirum
928 1543 1063 1610 sublatis
1091 1565 1131 1607 ex
1154 1547 1259 1628 aliqua

80 1649 218 1728 poematis
241 1655 333 1727 parte
355 1646 444 1711 vitiis
465 1643 680 1710 manifestiora
704 1647 773 1710 lieri
801 1648 903 1715 solent
925 1650 1003 1726 alia,
1030 1659 1064 1715 ut
1091 1639 1183 1738 ὕδραν
1205 1645 1260 1713 τέ-

81 1773 149 1832 prera
164 1750 222 1814 tibi
238 1749 382 1814 videare.
415 1767 510 1830 quarn
527 1749 715 1814 mendorum
731 1751 967 1816 multitudinem
985 1754 1102 1820 mirum
1118 1772 1194 1816 sane
1210 1764 1259 1820 est

79 1855 165 1918 luisse
185 1856 241 1935 qui
263 1851 420 1916 subitario
441 1854 563 1934 aliquot
587 1854 744 1918 mensium
767 1854 872 1920 studio
900 1875 934 1918 se
968 1874 1132 1920 removere
1165 1835 1259 1941 posse

79 1959 263 2038 opinaretur.
287 1957 499 2022 ,successerit
527 1957 586 2019 hoe
616 1958 776 2023 Bentleio:
814 1957 923 2036 uobis,
964 1969 999 2021 ut
1031 1967 1122 2024 nu'no¹
1149 1979 1260 2023 sumus

79 2062 220 2139 homines,
247 2060 352 2141 paullo
376 2061 493 2124 maiore
517 2058 675 2122 utendum
697 2071 745 2122 est
768 2071 799 2122 et
821 2063 919 2124 animi
944 2063 1120 2126 intentione
1148 2073 1179 2126 et
1202 2063 1261 2128 ad-

79 2163 226 2228 stemate„
267 2215 273 2222 .
352 2205 355 2213 .

152 2267 230 2332 lnde
241 2285 372 2330 eversu
387 2267 617 2347 209=leguutur
639 2265 773 2331 obseura
795 2279 827 2332 et
843 2270 959 2350 partim
974 2269 1125 2349 absurda,
1152 2289 1259 2354 neque

77 2380 187 2434 tanturn
215 2369 341 2434 librarii
372 2381 548 2451 peccarunt.
573 2371 729 2452 turpiter,
762 2371 822 2436 sed
850 2372 933 2434 docti
971 2374 1065 2439 etiam
1103 2376 1257 2441 homines.

77 2473 146 2537 liunt
169 2485 273 2540 eutem
297 2475 402 2544 omnia
425 2474 595 2554 perspicua
618 2485 649 2536 et
672 2485 755 2539 recte
779 2477 805 2535 si
832 2477 873 2538 ita
896 2475 1093 2540 scribuntur.
1177 2466 1180 2475 ’

790 2597 891 2642 omnes
933 2628 935 2641 .
1159 2559 1165 2568 ¹

152 2691 203 2744 rtt
239 2684 400 2764 emaottoot
423 2682 505 2744 uenti
526 2679 636 2742 turdos
659 2701 696 2742 oc
718 2683 828 2744 vertice
850 2701 941 2744 soevo
986 2671 988 2676 ¹

243 2785 425 2848 indensem
447 2785 579 2850 contecto
602 2791 704 2849 rotent
726 2785 909 2866 ooltmotque
929 2785 1093 2868 profundo.

241 2889 418 2955 tuomum
440 2890 601 2969 empetiotu
623 2895 726 2967 rotent
742 2887 881 2956 r'ocoudto
902 2891 1011 2952 moritis
1024 2912 1032 2948 .·

192 3032 197 3050 .
242 2994 370 3073 opttus
395 2991 506 3072 inflatu
528 3011 643 3057 momen
666 2990 881 3074 lampantibus
904 2989 1021 3067 adfert.
1163 3064 1167 3073 ¹

240 3113 314 3158 nom
334 3113 430 3176 prope
453 3096 616 3174 nequitiae
636 3113 700 3176 por
723 3102 767 3159 est
789 3095 932 3156 violentia
951 3095 1112 3174 Ῑὶιιηιηιαε.Ι
1212 3077 1218 3084 ’

153 3207 203 3258 215
240 3199 393 3281 impertitam
409 3197 501 3260 velow
524 3197 572 3259 illi
592 3203 747 3280 eretusque
767 3201 923 3280 perennia,

241 3319 349 3364 verram
371 3321 448 3382 opos
470 3301 626 3367 uuoeiliom
649 3309 694 3366 est
707 3309 747 3367 td
766 3302 862 3382 pellet
884 3321 1024 3383 corporo¹
1050 3289 1165 3383 outlud

243 3407 370 3486 impetur
391 3413 438 3470 ast
459 3406 531 3486 ipsi,
554 3422 616 3486 que
637 3407 766 3486 spiritus
791 3407 919 3486 imperat
945 3405 1045 3484 audet,
1113 3392 1117 3401 ’
1271 3425 1319 3474 ate

181 3545 204 3569 ,ι
241 3508 291 3572 hio
309 3509 454 3590 praeceps
476 3525 673 3590 moppoeque,
698 3507 830 3582 saddoc
852 3507 927 3570 dame
948 3507 1066 3596 militet
1081 3511 1191 3599 appio„

75 3627 163 3678 versu
178 3613 240 3676 tte
256 3613 418 3694 examitum!
437 3610 538 3677 habet.
549 3611 747 3677 Flo-emmas
774 3610 813 3694 lt)
829 3633 835 3670 ε
862 3611 998 3692 eaezpttur
1014 3593 1259 3694 Cantabrigien-

74 3717 112 3776 sis
132 3715 191 3798 (C).
221 3726 290 3779 tum
305 3735 343 3781 oo
358 3717 396 3776 F:
422 3715 492 3782 αθ.
525 3733 622 3791 versu
638 3714 695 3774 2ll
715 3714 838 3778 collecto
853 3715 885 3792 F,
905 3715 1035 3779 coniecto
1053 3713 1086 3775 C.
1100 3701 1127 3800 *l
1162 3735 1261 3780 versu

74 3818 129 3880 lli
152 3819 210 3886 loe
237 3835 334 3882 cottae
363 3819 526 3898 ampullato
554 3825 650 3880 raom
682 3819 809 3898 egregie
839 3818 1006 3899 Kootenus
1027 3817 1061 3878 in
1091 3817 1258 3904 Epitomen

74 3920 173 3986 iliadis
194 3942 226 4003 p.
247 3921 327 3983 277:
355 3920 377 3981 C
401 3921 475 3982 doec
496 3939 592 3982 causo
614 3927 774 4000 empectoto
796 3929 908 3996 ruunt,
942 3921 963 3980 F
985 3917 1059 3983 loeo
1080 3940 1176 3984 causa
1198 3941 1259 3986 em-

70 4025 213 4104 peotoodo
229 4032 356 4100 terunt,
390 4022 475 4104 quod
499 4035 672 4104 utrumque
696 4033 727 4084 et
750 4023 892 4103 ineptum
916 4034 964 4085 est
974 4033 1018 4101 set
1041 4025 1177 4109 ineptias
1201 4046 1260 4107 pe-

74 4131 185 4208 perit..
208 4145 308 4194 versu
337 4127 398 4191 tta
431 4125 506 4190 libri
534 4127 666 4210 spiritus
695 4125 809 4210 r'pslotis
830 4145 944 4207 momen
973 4125 1110 4191 habent:
1143 4147 1260 4192 momen

72 4231 207 4312 Scaliger
240 4231 389 4295 restituit.
437 4231 541 4292 rarius
577 4231 694 4311 legitur
730 4230 951 4293 Lucretianum
971 4213 1070 4307 ,illud
1104 4229 1256 4294 verbum:

73 4351 166 4412 quaro
182 4333 329 4398 adscribo
344 4351 473 4396 versum
490 4333 601 4397 Hilarii
617 4333 822 4413 Pictaviensis
845 4333 878 4393 in
894 4332 1011 4396 Genesi
1034 4333 1086 4414 33,
1108 4335 1260 4422 pipraque

72 4470 271 4486 *hun—nouo·-

151 4555 177 4620 *t
198 4557 335 4625 [conlecto
355 4561 489 4608 servotum
506 4561 544 4607 eat
561 4559 588 4608 te
606 4559 724 4608 edlttooe.
728 4555 742 4622 J
