3178 5136
339 423 382 483 Ex
404 441 500 484 ussus
523 425 729 485 Βιιοιιιιιιιιι.
777 423 995 484 Conrscrmen.
1185 405 1260 478 537

72 610 201 690 putabat
221 618 255 674 ut
272 611 452 693 pleramque
473 631 494 674 a
515 613 605 696 mrtpo
627 612 751 688 dicitur,
777 613 856 694 quod
877 613 1028 696 significat
1049 611 1140 674 vaide
1151 627 1263 692 precor

74 721 100 776 et
126 733 180 774 oro
202 701 236 776 et*
259 715 413 796 supplico,
447 716 479 775 in
500 735 558 798 orco
581 715 618 776 de
636 718 824 796 praepositio
846 713 887 776 ad
910 713 1083 797 aupendum
1105 721 1133 776 ct
1153 721 1320 776 cumn-stt

74 815 201 877 tandum
223 817 314 878 valet
361 816 441 898 qnod
461 818 490 879 si
512 818 556 878 ita
576 824 665 896 esset,
687 817 799 900 frigidi
813 835 888 879 sane
902 835 1012 880 versus
1029 816 1141 898 forent.
1181 836 1263 880 nunc

74 921 151 980 enirn
178 927 287 982 contra
317 921 436 982 omnino
459 927 513 982 est.
559 939 632 982 nam
653 920 690 982 de
710 922 896 1002 praepositio
918 921 1062 1002 qnoniam
1084 928 1128 983 est
1150 937 1261 1000 anceps

74 1023 103 1083 e‘n
132 1041 193 1084 nno
223 1021 382 1104 eodemque
411 1022 501 1084 verbo
530 1022 604 1084 dune
626 1024 718 1104 capit.
766 1025 810 1085 sic
832 1025 911 1085 enim
933 1023 1077 1104 deprecor
1099 1041 1120 1084 a
1144 1023 1261 1084 Catullo

73 1123 184 1187 dictum
216 1133 261 1188 est
289 1126 382 1206 quasi
410 1125 538 1188 detestor
565 1127 614 1190 uel
639 1143 770 1188 ememor
798 1127 846 1188 cet
874 1125 986 1206 depello
1014 1126 1063 1188 vet
1091 1124 1258 1188 abominor.

73 1236 180 1289 contra
201 1236 302 1290 autem
324 1229 406 1290 valet
426 1247 494 1290 cum
519 1228 621 1290 cinero
641 1249 699 1310 pro
717 1231 748 1290 P.
769 1229 858 1290 &dia
878 1230 923 1291 ita
945 1228 1028 1307 dicit,
1056 1229 1165 1310 ‘meam
1181 1228 1262 1290 noal-

73 1339 171 1392 tornm
197 1330 246 1393 bic
267 1331 392 1393 vitamst
412 1350 433 1392 a
456 1331 546 1392 &otta
569 1330 771 1413 deprecatus)
815 1349 877 1393 non
900 1331 1041 1411 intellegi
1063 1339 1167 1411 potest
1189 1330 1262 1392 dnm

72 1433 162 1513 capit.
212 1433 319 1514 itaque
341 1433 416 1494 olim
438 1436 594 1514 seriptum
617 1443 665 1496 est
687 1433 895 1496 diversitatem
917 1434 1144 1517 significationis
1167 1435 1259 1514 capit,

73 1533 112 1595 ad
139 1537 332 1598 sententiam
356 1546 459 1616 reate,
490 1535 548 1598 sed
570 1537 668 1598 nimia
691 1535 904 1618 interpolandi
926 1537 1069 1600 audacia.
1116 1534 1262 1598 scriben-

73 1636 147 1700 dum
171 1649 220 1700 est
243 1640 275 1700 in
297 1657 357 1700 uno
380 1639 537 1721 eodemque
559 1639 650 1702 verbo
673 1639 735 1702 duo
753 1641 849 1721 capit.

157 1742 208 1802 lv.
233 1743 439 1805 Mamertinus
462 1743 494 1803 in
517 1741 721 1804 Genethliaoo
743 1743 904 1805 Maximini
924 1761 993 1824 cap.
1012 1743 1031 1804 7
1053 1761 1114 1805 non
1133 1742 1264 1823 fortuita

75 1843 154 1906 nobb
178 1851 223 1906 est
243 1846 451 1927 manitas,
483 1845 537 1907 sed
558 1846 662 1908 electa.
708 1851 811 1906 nouom
833 1853 879 1908 est
894 1865 990 1928 saepe
1012 1846 1124 1909 eudem
1143 1863 1262 1926 paren-

73 1946 149 2010 tibus
177 1953 268 2010 natos
298 1965 363 2010 esse
391 1947 570 2025 dissimiles,
602 1950 789 2010 certissimae
807 1947 1016 2030 fraternitatis
1039 1957 1084 2012 est
1103 1967 1198 2031 aspre
1221 1947 1264 2008 ad

73 2051 233 2131 imperium
255 2050 437 2130 similitudo,
471 2068 595 2129 quaene
619 2051 708 2113 etiam
731 2052 928 2114 intervalium
950 2061 1070 2115 vestrae
1091 2052 1186 2114 vincit
1208 2069 1263 2112 ae-

73 2156 142 2215 tatis
172 2161 202 2216 et
229 2153 378 2214 seniorem
406 2155 614 2236 inanioremque
636 2155 764 2216 caritate
786 2163 893 2218 mutua
915 2155 1017 2218 reddit
1038 2155 1197 2235 aequales,
1230 2161 1265 2214 ut

74 2259 132 2317 iarn
157 2255 235 2318 iilud
254 2255 335 2336 falso
358 2255 470 2318 dicaam
492 2257 543 2332 sit,
568 2274 629 2317 non
651 2256 799 2320 delectori
819 2260 956 2320 societate
975 2277 1080 2320 rerum
1095 2258 1159 2319 nisi
1170 2273 1263 2338 pares

74 2377 180 2422 annos.
229 2356 404 2421 absurdum
428 2367 476 2421 est
499 2358 582 2440 quod
605 2359 757 2424 scribitur
778 2380 856 2443 quae
877 2379 925 2438 nc,
951 2379 1056 2442 neque
1080 2361 1186 2422 minus
1206 2358 1265 2420 ab·

74 2462 207 2524 surdum
230 2458 315 2540 quod
338 2461 408 2522 aliis
430 2461 549 2542 placuit
564 2479 641 2544 arcae
655 2481 725 2524 nae.
772 2465 977 2528 Mamertinus
993 2481 1108 2544 paene
1123 2461 1261 2542 scripsit,

75 2564 157 2644 quod
181 2563 266 2625 idem
291 2581 391 2644 paene
416 2573 463 2625 est
485 2573 580 2644 atque
605 2567 713 2647 quippe
736 2584 824 2647 qaae.
872 2566 985 2627 falsum
1002 2575 1051 2627 est
1066 2565 1164 2645 igitur
1179 2563 1263 2646 qnod

74 2666 235 2729 adfirmari
259 2666 388 2728 memini
412 2676 481 2747 post
504 2667 646 2729 Plautum
670 2678 702 2728 et
720 2669 903 2730 Terentium
926 2669 1087 2730 neminem
1112 2669 1152 2730 ita
1176 2668 1264 2729 locu-

75 2781 137 2832 tum
162 2789 235 2832 esse
258 2779 387 2850 praeter
408 2777 527 2849 poetas.

159 2874 198 2934 V.
224 2871 258 2932 ln
275 2873 465 2952 Panegyrico
487 2871 569 2955 (vini)
598 2873 653 2952 qui
677 2871 717 2934 ab
742 2873 846 2952 ignoto
863 2872 955 2935 nobis
970 2882 1093 2934 oratore
1110 2872 1264 2934 Constan-

75 2977 138 3037 tino
161 2973 303 3054 Augusto
332 2973 437 3037 dietus
467 2985 516 3036 est
538 2994 606 3056 rap.
627 2976 665 3036 ts
690 2977 732 3036 ita
758 2975 880 3054 scribo,
912 2976 1064 3059 ploriatus
1087 2977 1127 3038 sit
1149 2975 1215 3037 ticet
1238 2983 1265 3037 et

78 3097 145 3140 vore
167 3095 304 3140 summus
327 3085 433 3138 orator
455 3077 569 3139 umeris
591 3097 623 3140 sc
646 3079 757 3140 Italiac
780 3080 812 3139 in
831 3079 970 3160 patriam
992 3086 1198 3160 reportatam,
1223 3087 1261 3155 te,

78 3182 288 3256 Constantine,
318 3187 442 3242 senatus
461 3181 651 3263 populusque
673 3183 827 3244 Romanus
849 3189 877 3244 et
898 3181 949 3243 itta
972 3181 1020 3242 die
1042 3189 1071 3242 ct
1092 3181 1165 3243 aliis
1188 3199 1265 3262 quo-

77 3302 201 3364 cumque
227 3299 411 3364 progressus
440 3301 471 3344 es
494 3284 637 3346 otomatis
662 3282 748 3366 serre
776 3286 897 3366 gestivit
917 3303 972 3347 nec
993 3285 1154 3366 quicquam
1178 3284 1265 3346 aliud

77 3387 208 3449 homines
241 3384 345 3472 diebus
378 3403 539 3446 munemom
572 3403 790 3468 sacrorumque
819 3387 960 3448 ludmum
989 3405 1080 3469 quam
1110 3396 1137 3448 te
1165 3389 1265 3468 ipsum

77 3497 212 3570 spectare
235 3489 414 3564 voluerunt,
440 3489 493 3570 poi
514 3497 584 3550 tuus
606 3497 683 3552 esset
701 3489 806 3572 tulpor
828 3491 993 3564 oculorum,
1019 3508 1097 3571 quae
1119 3490 1174 3552 toti
1195 3507 1265 3550 cor-

79 3593 144 3671 pori
168 3589 358 3672 oircumfuso
379 3591 538 3666 maiestas,
564 3609 640 3672 qaae
660 3594 723 3654 oris
739 3593 883 3674 dignitas.
925 3591 1090 3672 legebatur
1102 3600 1266 3672 potuerant

78 3705 106 3755 et
129 3698 220 3757 totius
245 3695 392 3775 corporis.

162 3797 212 3859 VI.
238 3794 288 3858 Ad
310 3797 467 3859 luvenalis
490 3815 618 3859 versum
633 3796 653 3858 7
671 3797 749 3876 lbi,
782 3797 889 3860 occidit
916 3799 1042 3859 miseros
1070 3797 1192 3859 crambe
1213 3816 1265 3858 re-

76 3901 168 3979 petita
189 3901 363 3982 magistros,
388 3899 541 3979 Georgius
562 3900 648 3962 Valla
673 3900 750 3962 haec
772 3899 956 3980 adscripsit,
982 3917 1063 3980 quae
1086 3899 1171 3982 apnd
1194 3899 1266 3961 lah-

79 4002 301 4082 dampnes
325 4003 492 4083 leguntur,
523 4003 648 4085 gombre
677 4005 815 4084 repetita.
862 4002 991 4065 bistoria
1019 4002 1067 4064 vel
1092 4001 1202 4084 fabula
1228 4001 1265 4063 ab

81 4105 179 4188 aliquo
203 4113 266 4167 tum
288 4107 405 4186 scripta
428 4113 489 4167 tam
508 4104 685 4186 frequenter
707 4105 916 4186 reponebatur
937 4113 972 4168 ut
983 4105 1180 4186 proverbium
1195 4113 1267 4167 teste

84 4209 173 4270 Probo
199 4208 298 4289 fuerit
325 4207 361 4269 de
388 4207 518 4290 pombra
538 4217 568 4270 et
590 4207 703 4271 anotbo
725 4207 862 4270 monibus
885 4208 990 4270 tritum
1012 4227 1081 4270 cum
1102 4207 1180 4270 nobil
1202 4216 1266 4269 tom

80 4310 136 4371 sibi
160 4311 260 4392 fuisse
289 4311 438 4393 cognitum
466 4313 638 4394 significare
660 4311 831 4372 uoluerunt.
879 4311 977 4372 miror
999 4329 1103 4392 neque
1127 4311 1266 4391 Sehope-

83 4431 153 4475 num
177 4433 282 4494 neque
300 4413 443 4476 lahnium
469 4412 655 4476 emendasse
680 4411 759 4476 illud
781 4413 818 4475 de
839 4413 970 4496 pambra
986 4422 1013 4476 ct
1028 4413 1150 4476 anotbo.
1191 4414 1267 4476 latet

81 4525 183 4578 autem
212 4515 293 4577 nibil
321 4514 408 4577 aliud
439 4535 533 4596 quam
565 4510 608 4588 su
630 4511 750 4600 κράμβη
772 4509 922 4592 θάνατος,
955 4515 1053 4598 idque
1076 4514 1169 4578 video
1191 4515 1265 4576 olim
