3156 5132
742 370 787 429 Ex
809 387 905 430 aaran
928 369 1135 430 bsaocmsnsr.

553 561 633 622 vovit
656 560 714 640 Opi
735 559 842 621 Florae
871 558 956 620 Vedio
979 560 1046 620 lovi
1068 559 1271 639 Saturnoque,

553 664 617 727 Soli
638 665 742 724 Lunae
770 662 895 725 Volcano
918 669 946 724 et
968 662 1144 738 Summano,
1170 661 1296 742 itemque

552 766 718 828 Larundae
743 811 1092 827 .............
1120 765 1248 841 Quirino

556 871 715 932 Vortumuo
738 867 869 932 Laribus
892 870 1011 930 Dianae
1034 869 1233 950 Lucinaeque.

347 1006 461 1086 quodsi
484 1009 526 1068 ita
549 1007 677 1087 scripsit
692 1007 826 1084 Ennius,
851 1007 884 1069 in
908 1007 966 1068 bae
988 1003 1279 1088 congregandorum
1297 1005 1449 1066 nominum
1465 1022 1513 1064 ne-

350 1110 496 1172 cessitate
518 1129 615 1172 ausus
638 1119 686 1171 est
702 1112 768 1172 lovi
789 1129 829 1171 ex
852 1109 985 1172 iambico
1008 1107 1111 1172 lacere
1134 1107 1280 1186 bibreve,
1306 1117 1339 1168 et
1353 1108 1413 1188 peti
1427 1115 1514 1187 potest

348 1214 508 1275 excusatio
536 1232 576 1274 ex
605 1212 699 1274 simili
729 1214 939 1292 correptionis
968 1231 1084 1292 genera
1107 1211 1261 1273 scaenicis
1283 1211 1383 1291 poetis
1403 1211 1512 1272 usitato.

349 1316 505 1378 Prellerus
533 1325 638 1377 autem
668 1335 739 1378 eum
769 1316 801 1376 in
823 1315 1008 1397 Mytbologia
1032 1317 1241 1377 Romanorum
1264 1334 1296 1394 p.
1316 1313 1377 1376 235
1403 1311 1517 1374 l'ediiooi

349 1417 555 1480 scribendum
578 1437 647 1479 esse
670 1416 751 1479 dixit
772 1418 981 1498 Muelleriquo
1010 1418 1096 1480 Vedio
1118 1419 1185 1479 lovi
1206 1415 1401 1498 inprobavit,
1423 1433 1515 1494 neque

291 1531 340 1580 toa
350 1521 391 1584 ad
406 1521 578 1583 Florentini
602 1519 674 1581 libri
698 1521 821 1583 litteras
843 1509 928 1582 sabis
950 1519 1085 1584 attendit
1101 1538 1206 1601 neque
1222 1521 1255 1582 in
1271 1521 1331 1582 bac
1345 1539 1431 1582 causa
1444 1519 1515 1578 llar-

349 1625 427 1686 tiani
445 1624 590 1704 Capellae
613 1625 828 1686 testimonium
851 1632 936 1685 recte
959 1625 1158 1704 contempsit.
1207 1625 1373 1686 Summano
1390 1631 1514 1701 correpta

349 1735 423 1788 ante
453 1727 592 1789 vocalem
621 1727 730 1788 ultima
759 1728 857 1789 vocali
888 1745 951 1788 non
979 1726 1122 1788 offendit.
1170 1727 1264 1788 immo
1287 1727 1382 1788 simili
1403 1723 1515 1786 fortasse

349 1829 482 1892 artificio
512 1839 603 1891 vetus
632 1839 725 1910 poeta
751 1831 888 1891 Termino
917 1828 1167 1891 adcommodavit
1197 1829 1317 1892 versui.
1363 1831 1419 1891 etsi
1443 1827 1514 1888 enin

349 1935 466 1994 scimus
494 1951 567 1994 eum
596 1932 778 2013 adpellativi
810 1933 945 1994 nominis
968 1934 1195 1995 nominativum
1218 1951 1326 1996 casum
1349 1932 1516 2012 aliquotiens

351 2035 464 2098 iecisse
491 2037 605 2110 Termo,
633 2037 663 2095 in
687 2034 739 2097 dei
761 2044 866 2097 tamen
890 2035 1017 2098 nomine
1044 2037 1183 2098 Termoni
1203 2035 1347 2098 dativum
1370 2035 1515 2116 protulisse

352 2139 420 2200 vari
443 2137 611 2200 admodum
636 2137 790 2200 dissimile
810 2148 869 2201 est.
909 2137 967 2201 sed
981 2137 1138 2219 quomodo
1153 2140 1292 2202 Termini
1311 2159 1422 2202 nomen
1436 2155 1514 2200 versu

350 2243 541 2304 concluserit
564 2251 649 2302 certo
672 2241 735 2304 diei
757 2259 820 2303 non
841 2251 959 2322 potest:
986 2243 1141 2303 contraxit
1157 2243 1242 2303 enim
1257 2243 1356 2304 Varro
1371 2261 1447 2323 quae
1461 2249 1514 2322 post

351 2345 516 2407 Larundae
538 2345 680 2425 proxime
702 2343 932 2424 sequebantur.
978 2362 1052 2406 arae
1074 2344 1196 2407 aTatio
1218 2345 1352 2408 Laribus
1373 2343 1514 2408 dedicatae

350 2446 485 2511 Ovidius
509 2448 653 2509 meminit
674 2449 755 2508 Fast.
775 2467 792 2508 v
809 2447 863 2507 tal
877 2467 919 2508 ss.

501 2582 700 2666 praestitibus
723 2585 825 2646 Maiae
848 2583 979 2646 Laribus
1002 2585 1106 2647 vedere
1127 2582 1275 2647 kalendae

579 2705 670 2749 aram
691 2687 834 2748 constitui
854 2689 999 2770 siqnaque
1018 2706 1122 2769 parva
1143 2687 1243 2750 deum

505 2797 630 2854 arserat
651 2790 707 2852 illo
728 2790 847 2871 quidm
871 2790 1012 2868 Curibus,
1037 2791 1091 2854 sed
1112 2791 1210 2854 mulla
1232 2799 1368 2854 venulas

578 2893 708 2956 destruit
728 2901 756 2956 et
777 2911 857 2955 sumo
879 2893 970 2977 lonqo
991 2902 1111 2958 senecta
1131 2902 1226 2958 nocet.

352 3035 384 3095 in
419 3032 536 3114 quibus
570 3029 717 3094 versibus
749 3032 866 3094 mirum
896 3041 945 3096 est
973 3043 1004 3094 et
1031 3050 1133 3114 paene
1165 3032 1335 3097 ridiculum
1365 3041 1515 3095 commenta

351 3135 552 3198 librariorum
576 3133 682 3197 doctos
705 3135 849 3198 homines
872 3136 979 3198 multis
1001 3134 1103 3198 modis
1124 3135 1342 3217 perturbasse,
1368 3130 1515 3217 cumquod

352 3240 481 3302 meliora
514 3239 708 3318 exemplaria
737 3237 855 3300 habent
884 3257 942 3301 aro
971 3245 1039 3300 erat
1063 3258 1127 3301 una
1151 3248 1273 3302 tantum
1297 3241 1400 3304 littera
1422 3259 1437 3302 a
1458 3255 1515 3299 vero

352 3341 460 3421 distet,
486 3342 578 3424 plane
602 3351 707 3403 autem
730 3341 817 3404 nulla
839 3361 894 3404 ars
917 3349 985 3404 erat
1005 3340 1089 3423 quod
1106 3343 1138 3404 in
1155 3342 1236 3405 libro
1251 3339 1514 3414 lllallersdorfiensi,

352 3447 407 3527 qui
436 3445 570 3526 optimos
598 3446 783 3507 auctoritate
812 3455 926 3528 aequat
950 3455 981 3508 et
1009 3446 1077 3508 lere
1099 3457 1246 3528 superat,
1278 3449 1420 3529 aprima
1441 3461 1515 3507 manu

352 3551 506 3630 scriptum
536 3556 595 3611 est.
644 3549 747 3610 extitit
773 3547 903 3611 tandem
926 3550 980 3630 qui
1003 3568 1067 3612 non
1090 3551 1274 3612 caecuttiret
1299 3553 1449 3614 Henricus
1468 3549 1516 3608 lor-

353 3653 455 3716 danus
486 3654 518 3715 in
541 3651 718 3715 Annalibus
741 3652 878 3716 instituti
901 3653 1126 3734 archaeologici
1150 3663 1173 3716 t.
1191 3673 1278 3716 xxxiv
1300 3675 1333 3736 p,
1352 3657 1425 3720 328.
1448 3651 1515 3715 simi-

353 3759 427 3819 liter
457 3767 552 3838 atque
574 3756 710 3818 Ovidius
738 3765 849 3836 poetae
878 3775 972 3838 saepe
996 3757 1089 3820 locuti
1113 3767 1197 3820 sunt.
1244 3758 1404 3839 Vergilius
1424 3757 1514 3832 Georg·

354 3879 388 3922 ιιι
405 3861 464 3922 let
489 3878 583 3942 noque
612 3861 749 3942 inpositis
771 3860 884 3922 ardent
903 3859 1020 3922 altorio
1038 3860 1142 3942 fibris,
1175 3861 1254 3924 Aen.
1273 3879 1308 3922 ιιι
1325 3861 1387 3922 979
1410 3861 1516 3937 mosao

353 3964 541 4026 incendimus
557 3983 644 4026 aras.
681 3965 845 4028 Lucretius
861 3983 891 4024 xv
908 3963 990 4025 ⁴237
1006 3965 1182 4046 adolentque
1197 3965 1315 4027 altario
1329 3965 1424 4027 donis.
1457 3963 1516 4022 ier·

354 4067 448 4148 gilius
478 4065 558 4130 Aen.
580 4085 622 4129 vu
645 4066 680 4129 tl
717 4069 808 4130 castis
839 4067 939 4130 adolet
966 4067 1038 4130 dum
1073 4067 1189 4130 altario
1221 4067 1321 4131 donis.
1368 4064 1515 4146 nescu-us

354 4168 463 4251 Agant.
482 4171 517 4232 ul
548 4165 644 4257 βωμοὶ
665 4164 790 4256 δώροισι
812 4169 984 4256 φλέγονται.
1031 4171 1088 4234 sed
1111 4170 1196 4252 quod
1213 4171 1299 4234 idem
1316 4170 1515 4233 lordonusno

355 4274 430 4336 vitia
459 4272 614 4353 quaedam
645 4275 838 4355 exemplaria
868 4295 909 4336 ex
938 4283 1029 4355 parte
1052 4276 1198 4356 sequitur
1220 4273 1395 4356 scribitque
1416 4271 1515 4334 orserul

353 4376 410 4438 illo
431 4377 550 4458 quidem
573 4376 715 4454 Laribus,
741 4378 773 4442 id
798 4379 902 4440 minus
925 4377 1035 4458 probo.
1084 4379 1284 4441 verissimum
1301 4387 1357 4440 ost
1378 4377 1453 4439 enirn
1468 4371 1514 4432 Gu-

354 4479 452 4560 ribus,
478 4479 511 4542 id
534 4491 582 4542 est
598 4481 735 4545 Sabinis.
782 4480 916 4544 Ovidius
931 4483 1010 4544 Fasl.
1030 4500 1052 4544 ιι
1071 4483 1131 4544 luo
1156 4482 1300 4547 llomanis
1322 4483 1460 4544 innonat
1477 4471 1514 4536 llll
