3156 5132
567 425 734 487 Αιιιιιοιι.

215 635 287 677 nam
310 615 408 678 decuit
430 617 563 679 Mariam
585 617 749 698 sapientem
767 615 899 696 sundere
916 661 1039 676 .....

218 719 428 802 Calliopenyne
449 719 541 782 simul
564 720 701 782 invenem
720 718 864 801 proferre
881 765 1061 780 .......

73 831 139 902 puto
154 823 184 883 iu
200 824 299 884 altero
314 841 411 884 versu
422 830 548 904 potrum
564 822 768 886 scribendum
784 839 866 884 esse.
906 830 1099 903 postremum
1116 823 1248 884 Werns-

71 923 180 988 dorfius
207 924 316 988 addito
343 925 490 988 disertum
512 917 732 1007 conplendum‘
749 945 819 988 esse
842 924 1050 1008 probabiliter
1072 924 1244 1008 censuit*).

72 1027 148 1090 idem
171 1038 256 1092 reate
280 1032 389 1092 statuit
412 1030 444 1090 in
469 1030 530 1092 flue
553 1030 740 1111 paenultimi
764 1028 920 1092 excidisse
942 1047 1058 1091 nomen
1082 1027 1167 1110 quod
1189 1029 1248 1090 ali-

71 1151 157 1213 quam
186 1133 362 1214 sapientiae
391 1132 443 1194 vel
473 1132 634 1195 doetrinae
664 1132 923 1214 significationem
947 1131 1096 1195 haberet:
1129 1131 1249 1194 excidit

70 1234 191 1297 fortasse
214 1238 346 1311 Musam,
372 1234 457 1316 quod
480 1234 565 1298 haud
589 1255 694 1299 rarum
719 1244 766 1298 est
788 1255 901 1298 nomen
925 1235 1094 1298 muliebre.

145 1335 292 1401 Absurde
315 1348 389 1401 sunt
412 1357 493 1420 quae
516 1358 548 1400 v.
567 1339 606 1400 25
632 1341 775 1420 legimus,

236 1450 263 1504 te
286 1442 419 1504 insontes
438 1443 575 1524 palmam
598 1461 716 1524 semper
739 1441 871 1504 trahoere
890 1449 1030 1523 patrono,

235 1553 262 1606 te
284 1553 391 1608 contra
413 1544 583 1608 adstantem
605 1564 723 1626 semper
746 1546 872 1607 timuere
893 1553 1042 1608 nocentes.

68 1647 208 1710 Nodellus
223 1647 301 1710 Obs.
321 1649 391 1710 orit.
409 1667 442 1729 p.
461 1647 496 1709 tt
518 1648 651 1711 tribuere
670 1649 702 1710 iu
719 1656 842 1711 tenuero
857 1646 1043 1710 mutandum
1060 1667 1130 1710 esse
1146 1658 1245 1729 putat.

67 1752 163 1831 paullo
193 1753 264 1813 veri
294 1751 431 1815 similius
462 1762 510 1814 est
537 1751 623 1833 apud
646 1753 730 1814 launo
753 1752 872 1814 scilieet
895 1762 1017 1833 poetam
1042 1751 1247 1815 scribendum

66 1873 126 1917 esse
148 1857 273 1932 trivere,
300 1875 357 1937 pro
381 1875 442 1936 quo
466 1858 571 1918 minus
595 1857 702 1936 inepte
726 1858 846 1938 tetiyere
868 1854 1071 1939 dixisset**l.

143 1957 220 2020 lnde
244 1977 262 2020 a
285 1978 316 2020 v.
337 1961 375 2019 60
402 1960 479 2021 haee
502 1961 619 2040 scripta
643 1969 717 2021 sunt

212 2069 368 2144 tympana,
394 2061 509 2125 chorda
530 2064 631 2138 simol,
657 2062 845 2144 symphonia,
871 2062 955 2139 stom,
981 2063 1096 2140 boans,

212 2165 362 2247 qmthala,
387 2164 582 2242 hamhoiinm,
608 2183 720 2228 cornus
743 2173 770 2228 et
788 2167 902 2246 fistulo,
929 2167 1067 2242 sistram,

211 2287 346 2352 quaeqae
365 2277 547 2352 peremotas
570 2271 724 2350 inspirant
745 2270 886 2330 earmina
908 2287 993 2331 voces

210 2372 286 2434 haio
305 2372 456 2456 solliyem's
478 2373 655 2434 emelomoat
674 2391 792 2455 oryono
815 2373 906 2434 vocis.

64 2473 98 2536 de
113 2475 303 2557 symphonia
318 2474 457 2538 Isidorus
473 2474 560 2557 Orig.
580 2494 613 2537 ιιι
629 2477 665 2536 il
690 2477 725 2536 ll
744 2477 821 2538 haee
838 2473 944 2556 habet,
966 2475 1143 2557 symphonia
1159 2477 1247 2559 vnlyo

65 2579 233 2658 appellatur
261 2579 376 2662 liyaam
398 2597 508 2640 cavum
530 2598 572 2641 eoo
593 2587 722 2660 atroque
742 2569 849 2660 porte,
882 2578 961 2660 pelle
984 2585 1125 2655 extento,
1156 2597 1247 2661 ynam

64 2681 185 2764 oiryniis
209 2680 280 2744 hina
302 2689 331 2744 ei
345 2683 414 2744 inde
429 2684 539 2744 musici
549 2682 677 2765 fi’riaat,
701 2683 792 2762 fitque
808 2685 839 2742 in
856 2701 892 2742 eo
907 2701 949 2743 esu
964 2681 1125 2743 eoncordia
1138 2685 1247 2766 yrovis

64 2786 180 2847 aaran
193 2787 399 2848 somvissimas
414 2793 533 2848 contus.
567 2785 758 2847 Prudentius
775 2795 884 2847 eontra
901 2785 1019 2867 Symm.
1035 2803 1056 2844 ιι
1070 2784 1131 2846 528
1145 2783 1247 2864 (lacli-

64 2885 111 2949 hos
139 2885 274 2950 Actiaca
304 2891 423 2970 siynnm
454 2887 631 2969 symphonia
661 2887 732 2950 belli
757 2884 886 2970 Aeyypto
915 2887 1057 2968 dederat,
1090 2885 1247 2970 clanyehat

64 2988 166 3052 hnoiaa
181 2998 302 3054 eontra.
350 2990 440 3071 plura
458 2989 592 3072 praebet
609 2990 717 3071 (langii
735 2992 920 3072 glossarium
937 2991 1092 3053 Latinum.
1132 2989 1173 3052 ad
1189 3009 1246 3052 ex-

64 3093 239 3171 plicandum
262 3083 453 3155 homholiam¹
478 3095 618 3175 pertinet
640 3094 725 3175 quod
749 3097 780 3156 in
804 3095 922 3156 Graeco
944 3093 1093 3175 glossario
1110 3093 1288 3174 (langiusts

64 3215 99 3256 ex
121 3197 229 3280 Cyrilli
254 3197 355 3258 lexico
379 3198 510 3278 protulit
535 3194 720 3282 βαμβάλιος,
752 3191 904 3282 αὐλητής,
928 3194 1056 3267 παίζων.
1104 3197 1244 3278 quadiu

66 3298 120 3360 line
148 3302 303 3382 seriptum
334 3311 381 3361 est
411 3303 492 3363 vocis
514 3301 751 3363 Wernsdorfius
776 3303 807 3363 in
831 3300 942 3364 homhis
965 3299 1152 3364 mutandum
1175 3321 1245 3364 esse

64 3402 132 3465 saite
155 3404 300 3466 eonieoit.
348 3402 405 3464 sed
429 3403 514 3466 idem
538 3405 570 3465 in
593 3415 766 3466 monstroso
787 3405 839 3466 illo
854 3405 929 3468 haia
943 3424 1006 3469 non
1023 3405 1106 3468 bene
1122 3407 1245 3488 putavit

64 3505 151 3569 latere
167 3507 273 3570 iubila.
312 3509 485 3571 Lemairius
500 3507 626 3570 humida
637 3506 938 3592 commendavnffi)
955 3533 961 3571 ε
980 3509 1037 3572 sed
1049 3508 1090 3572 ab
1102 3509 1244 3592 hydrau-

65 3607 126 3671 licis
141 3610 272 3692 quidem
289 3613 415 3691 organis
430 3611 526 3674 alieni
543 3631 613 3674 esse
631 3611 781 3675 videntur
797 3612 896 3674 folles.
944 3629 1006 3675 non
1023 3615 1123 3693 magis
1138 3623 1243 3676 autem

64 3728 150 3790 quam
174 3715 225 3776 hie
248 3715 425 3778 versiculus
449 3715 475 3776 is
499 3717 553 3796 qui
576 3727 649 3778 ante
672 3735 745 3778 enm
768 3726 816 3778 est
838 3717 980 3798 intellegi
1004 3727 1117 3798 potest.
1165 3721 1245 3780 sori-

66 3811 196 3880 bendum
214 3836 285 3880 esse
303 3819 447 3881 existimo
463 3837 597 3901 yoaeyne
608 3839 667 3901 per
682 3829 806 3883 aeratas
818 3821 975 3904 inspirant
988 3824 1129 3883 carmina
1140 3820 1246 3884 lauces

66 3917 134 3982 livia
152 3919 303 4005 foiliyeris
326 3923 503 3985 eseciarnant
525 3942 644 4007 arpano
658 3922 782 3987 bonta.
829 3933 955 3988 aeratae
971 3925 1077 3987 lauces
1092 3944 1152 4006 per
1167 3944 1247 4006 quas

65 4019 100 4082 ab
120 4025 246 4106 organis
269 4026 418 4090 Bacchica
443 4029 583 4090 earmina
607 4027 807 4109 inspirantur
829 4028 950 4091 fistulae
973 4038 1049 4092 sunt
1069 4047 1199 4092 aeneae.

142 4301 165 4360 'l
186 4299 270 4367 [Gom
293 4303 321 4352 ia
345 4303 467 4354 Vaticano
490 4305 556 4355 lttro
574 4305 665 4366 (280⁹)
689 4306 807 4356 oooohati
829 4307 965 4368 intercepti
987 4307 1090 4358 litterae
1107 4308 1134 4357 to
1152 4319 1244 4370 sepn-

66 4384 110 4434 sint
128 4385 224 4436 fltestns
244 4391 363 4451 togatum
382 4387 521 4456 restituit]

127 4471 164 4534 ”l
184 4471 199 4540 [
205 4475 339 4525 Traditum
356 4488 411 4526 esse
429 4481 541 4526 tenuere
560 4489 573 4526 e
591 4477 754 4527 conlaturam
770 4479 871 4529 silentio
889 4479 1046 4530 credendam
1063 4477 1128 4546 est]

111 4551 165 4618 ml
185 4557 310 4627 μορίων
328 4559 439 4612 humlda
457 4565 485 4614 in
503 4563 567 4614 libro
591 4561 738 4630 latisana]
