3178 5136
601 399 706 460 4444444.
1175 385 1251 456 509

69 597 143 665 sunt,
168 587 277 667 impetu
288 593 493 668 pervnqotum
509 586 680 648 incendium
700 585 799 666 planu
817 587 973 668 primum,
999 587 1105 649 deinde
1122 589 1152 650 in
1168 588 1252 649 edito

70 707 233 772 ossurqens,
259 697 286 750 et
309 707 423 752 rursus
446 687 596 769 inferiora
615 688 811 769 populando,
843 691 922 751 ortis
952 689 1112 752 itineribus
1133 690 1252 772 hucque

69 801 92 854 et
112 793 179 854 illuc
196 792 290 872 flemis
313 799 404 874 atque
427 789 599 854 enormibus
623 792 710 870 44444,
735 792 838 874 qualis
861 799 946 854 octus
969 795 1061 854 444444
1082 793 1154 874 fuit.
1185 812 1248 856 non

69 897 209 975 scriptum
233 905 283 956 est
305 895 337 956 in
361 893 443 955 libro
465 892 605 956 Mediceo
627 893 760 975 hucque,
787 893 845 956 sed
874 894 997 976 hicque,
1028 895 1113 976 quod
1143 915 1247 976 44444444

70 997 136 1060 44444
168 1007 269 1078 potest
303 1015 408 1076 neque
442 1007 634 1059 momentum
672 997 757 1060 lacit.
805 998 954 1078 equidem
989 1017 1053 1060 non
1086 999 1250 1080 periclitor

66 1102 278 1178 coniecturam,
304 1099 361 1163 sed
383 1109 490 1162 tamen
513 1118 576 1162 non
600 1101 750 1181 intellego
773 1119 831 1163 cnr
846 1103 982 1180 Tacitus,
1007 1121 1079 1162 cum
1102 1101 1247 1163 scribere

69 1213 163 1282 posset
191 1211 219 1265 et
245 1202 304 1266 huc
335 1205 409 1266 illuc
434 1202 545 1283 4444444,
571 1213 606 1265 ut
635 1204 764 1285 scripsit
784 1204 843 1266 huc
872 1205 944 1266 illuc
967 1205 1045 1266 Hist.
1071 1205 1137 1266 1113
1161 1203 1247 1265 Anu.

68 1306 136 1383 156,
160 1325 280 1387 ponere
309 1306 457 1368 maluerit
479 1305 581 1386 quod,
613 1316 766 1386 quantum
790 1326 847 1368 nos
869 1305 999 1388 quidem
1023 1307 1158 1386 scimus,
1184 1325 1248 1369 non

68 1409 143 1472 illius
163 1419 286 1472 tantum
309 1407 366 1470 sed
388 1409 604 1490 proximorum
634 1411 727 1472 etiam
751 1411 949 1494 saeculorum
972 1409 1166 1474 consuetudo
1189 1409 1249 1472 de-

67 1509 148 1592 lusit.
195 1530 267 1573 nam
290 1511 383 1572 tertio
405 1521 476 1591 post
498 1513 639 1574 Tacitum
668 1513 794 1574 saeculo
822 1512 904 1574 dixit
925 1511 1067 1575 Avienus
1091 1513 1123 1574 in
1147 1514 1248 1576 Phae-

66 1616 200 1676 nomenis
222 1634 253 1675 v.
282 1615 362 1674 4000
387 1613 435 1677 hic
456 1633 551 1697 equus
574 1617 681 1676 eminet
704 1615 808 1696 hicque
832 1616 955 1678 0444444
984 1616 1114 1697 eripitur
1139 1617 1249 1678 clarae

65 1715 145 1778 dator
173 1719 395 1798 Hippocrenes,
426 1720 460 1779 in
491 1718 698 1798 Prognosticis
725 1737 757 1779 v.
783 1719 845 1780 265
876 1719 980 1800 hicque
1013 1719 1074 1799 (vol
1102 1718 1241 1800 haecque)

65 1839 212 1881 comanam
247 1823 296 1884 Vis
324 1820 453 1902 conflua
482 1821 599 1882 micans
628 1821 739 1882 mundo
767 1839 826 1882 suu
855 1821 974 1883 lumina
993 1828 1152 1901 praestat,
1183 1821 1247 1883 De-

64 1924 227 2002 scriptionc
257 1923 345 1986 orbis
373 1935 478 1986 terrae
508 1944 539 1985 v.
567 1925 626 1984 430
656 1924 762 2005 hicque
786 1923 898 2005 procul
918 1943 951 1986 se
978 1925 1111 1986 Inclinat
1140 1943 1245 2004 rupes,

64 2045 91 2086 v.
107 2027 166 2088 538
193 2027 298 2108 lllqris
320 2047 378 2089 ora
401 2027 507 2090 dehinc
529 2027 731 2105 distenditur,
763 2025 868 2108 hicque
893 2027 1018 2108 periclis
1042 2027 1141 2107 Saepe
1163 2029 1246 2088 cari-

64 2148 169 2190 narum
194 2130 317 2211 famose
347 2131 505 2192 Ceraunia
532 2137 680 2212 serpunt,
713 2149 744 2190 v.
764 2129 824 2189 593
857 2128 899 2191 ibi
912 2165 955 2176 —
970 2126 1117 2192 Achelous
1147 2131 1248 2192 irruit

63 2231 210 2295 Madrinci
244 2240 362 2316 terpum
395 2235 504 2310 maris,
542 2231 649 2314 hicque
680 2232 855 2314 frequentes
890 2232 1043 2295 Fluctibus
1065 2233 1248 2295 attolluntur

65 2335 242 2414 Echinades,
271 2355 303 2398 v.
322 2335 384 2397 730
414 2335 541 2398 dorsum
569 2342 662 2397 mmet
689 2335 737 2398 hic
759 2333 907 2416 Erqthcae
928 2337 1043 2417 Ilioque
1066 2336 1159 2397 Sacri
1193 2337 1247 2410 (sic

63 2445 140 2520 terqo
163 2445 252 2501 vocat
271 2456 344 2521 qens
367 2436 479 2520 arduo)
507 2440 628 2516 montis,
655 2457 684 2500 v.
701 2439 762 2498 906
785 2437 891 2518 hicque
910 2437 1027 2518 feroces
1049 2440 1168 2520 Dequnt
1190 2435 1247 2498 Al-

63 2539 135 2618 lnni,
162 2543 195 2604 in
212 2540 274 2603 Ora
297 2541 453 2602 maritima
476 2559 507 2602 v.
526 2541 588 2602 560
612 2541 717 2622 hicque
737 2541 899 2604 Massiliae
921 2542 1037 2602 incolae
1052 2541 1246 2622 Ncqotiorum

62 2661 144 2725 saepe
165 2643 335 2706 uersabant
355 2644 446 2706 vices.
476 2638 651 2730 <Ausonius
668 2643 761 2724 epist.
780 2644 815 2704 94
839 2644 877 2704 lb
895 2643 1035 2724 illicquc;
1059 2643 1245 2723 saepissime

62 2765 128 2808 vero
165 2748 240 2809 talia
277 2747 405 2810 admisit
434 2744 619 2808 Ammianus
649 2744 849 2808 Marcellinus
893 2745 948 2825 qui
985 2751 1114 2827 tuncque
1150 2743 1246 2806 hebet

61 2850 176 2910 444444
195 2851 225 2928 5,
251 2849 378 2932 hincque
401 2869 447 2911 444
465 2850 503 2910 40
529 2851 558 2922 4,
583 2848 694 2931 hocque
716 2848 830 2930 hecquae
858 2847 996 2930 hancque
1021 2847 1152 2929 haecque
1174 2848 1246 2927 plus

61 2947 242 3038 calogium.)
287 2962 354 3014 tum
386 2955 489 3034 sicque
518 2961 567 3013 ter
597 2952 659 3032 legi
696 2950 780 3032 apud
815 2948 1029 3032 Apollinarem
1065 2949 1242 3029 Sidonium,

62 3054 112 3134 Ep.
132 3057 177 3116 12
195 3077 225 3137 p.
246 3057 264 3116 4
288 3056 382 3116 Sirm.
409 3057 511 3138 sicque
529 3053 722 3135 proforibus
746 3057 1001 3130 immurmurant,
1028 3073 1056 3114 44
1073 3055 1108 3116 hl
1130 3073 1161 3133 p.
1184 3053 1245 3113 448

61 3159 155 3238 sicque
185 3177 286 3220 munes
319 3159 514 3238 praesentiae
546 3164 667 3218 vestrae
702 3158 845 3238 voluptas
878 3157 957 3239 qaod
994 3165 1092 3217 tomen
1126 3155 1244 3218 nullum

61 3263 150 3323 sotios
173 3263 261 3342 cepit,
288 3279 328 3324 444
344 3262 363 3323 2
379 3279 412 3340 p.
433 3257 494 3320 tta
509 3261 611 3341 sicque
633 3261 698 3322 eius
722 3260 819 3320 indies
848 3259 996 3321 sedulitas
1022 3261 1174 3320 maiorum
1195 3279 1245 3320 so

61 3363 235 3426 ‹lalitntt'bus
255 3365 442 3445 promoueri.
476 3360 616 3441 denique
640 3361 725 3423 idem
749 3365 850 3443 sicque
868 3361 963 3422 hehet
978 3360 1118 3424 Alcimus
1132 3360 1245 3423 Avitus

63 3465 234 3528 Paematum
259 3485 268 3528 4
293 3467 367 3544 tls,
393 3467 495 3546 sicque
516 3483 590 3526 reus
612 3465 759 3526 scelerum
783 3465 855 3526 ditm
878 3464 972 3547 dipna
990 3465 1120 3544 piacula
1141 3464 1245 3544 pendit

61 3569 240 3650 Martyrium
262 3570 299 3632 de
323 3575 416 3630 morte
438 3569 533 3648 rapit.
558 3577 642 3656 puto
665 3577 770 3628 autem
794 3587 834 3629 na
856 3567 943 3648 apud
967 3568 1090 3628 illorum
1114 3565 1243 3644 quidem

58 3682 227 3753 temporum
259 3681 367 3753 poetes
396 3680 428 3732 et
456 3672 628 3751 scriptores
663 3670 761 3732 multo
797 3671 888 3751 plura
923 3669 1078 3731 eiusmodi
1109 3668 1242 3747 reperiri

61 3791 156 3852 posse.

141 3879 227 3939 luter
249 3885 294 3938 tot
317 3876 403 3938 milia
425 3893 577 3938 versuum
599 3875 778 3938 Latinorum
801 3893 885 3937 unus
908 3883 957 3936 est
978 3873 1099 3953 antiqui
1124 3883 1155 3933 et
1178 3872 1244 3934 ele-

59 3980 228 4058 gantissimi
252 3981 393 4042 omniurn
423 3987 535 4059 poetae
559 3979 590 4039 in
620 3997 683 4058 quo
712 3979 813 4040 simile
839 3975 962 4058 aliquid
991 3975 1084 4038 hodie
1114 3976 1241 4056 legitur,

59 4081 159 4146 Ovidii
181 4084 276 4144 Trist.
295 4101 304 4144 4
323 4082 361 4141 40
379 4081 431 4142 29.
463 4082 668 4161 persequitur
690 4080 825 4142 Ovidius
848 4079 909 4142 iter
930 4081 1037 4140 navis:
1064 4079 1243 4159 Hellespon-

59 4187 149 4248 tiacos
163 4173 224 4248 4444Ι
250 4184 355 4266 releqit
369 4201 477 4265 aquas,
503 4183 753 4265 Dardaniamque
764 4184 840 4264 petit
858 4183 992 4246 44444444
1007 4201 1113 4244 nomen
1128 4179 1242 4242 haben·
1254 4191 1284 4238 44

60 4295 123 4364 tem,
160 4291 197 4351 lit
218 4296 246 4350 te
268 4287 424 4364 ruricola,
450 4288 634 4367 Lampsaco,
671 4293 737 4348 tanc
758 4286 830 4362 deo,
872 4286 996 4366 Quaque
1016 4303 1073 4366 per
1095 4291 1243 4366 anqustas

62 4397 155 4452 444444
175 4392 254 4454 male
282 4391 413 4473 uirqinis
443 4387 544 4451 undas
568 4389 673 4450 Seston
701 4385 845 4469 Abydena
874 4395 1000 4470 separat
1020 4387 1095 4449 urbe
1114 4386 1240 4467 fretam,

59 4493 185 4575 llincque
209 4494 416 4575 Propontiacis
443 4492 617 4554 haerentem
640 4491 769 4572 Cyzicon
797 4493 860 4554 oris
871 4538 879 4568 ,
907 4491 1035 4571 Cyzicon
1058 4491 1242 4552 Haemoniae

108 4607 227 4662 Hauptli
242 4609 355 4662 0444444444
370 4609 410 4650 lll.
1003 4609 1034 4660 33
