3182 5132
366 425 440 496 386
762 439 807 498 Ειι
832 457 929 499 entur
953 440 1159 500 Berotrrrnssr.

368 628 566 710 disputasse,
599 629 659 689 nisi
684 626 769 707 quod
792 625 877 707 apud
899 625 1143 708 Aristophanem
1167 625 1249 689 dub.
1271 628 1347 688 i232
1368 619 1404 687 ἵν’
1430 618 1459 687 ἂν
1477 648 1516 686 ιε-
1566 663 1567 678 ι

369 725 468 796 λεάσαι
492 725 552 814 ’γά
582 753 616 794 σε
646 729 818 792 delendum
848 748 918 791 esse
948 741 1055 810 postea
1087 731 1253 792 intellexit.
1300 748 1419 791 versum
1439 726 1519 788 Iliadis

368 855 407 896 ru
423 836 504 914 353,
535 831 665 916 ἔλπομαι
686 831 895 910 ἐκτελέεσθαι,
919 827 1034 916 ἵναμὴ
1059 831 1179 916 ῥέξομεν
1203 823 1282 910 ὧδε,
1306 834 1396 894 nolim
1417 831 1518 911 quiden

368 937 543 1002 defendere
566 947 673 1000 contra
697 937 827 1017 eosqui
852 936 1020 1016 damnant,
1046 935 1103 998 sed
1126 935 1345 1015 Aristarchus,
1368 936 1419 1016 qui
1438 923 1519 995 ir’ir

368 1043 505 1123 scripsit,
531 1059 618 1118 sane,
643 1050 677 1103 ut
692 1042 892 1102 {dermannus
908 1040 996 1118 dicit,
1022 1059 1086 1101 non
1101 1049 1224 1102 temere
1239 1059 1343 1120 neque
1358 1041 1420 1101 sino
1436 1056 1520 1098 creu-

369 1146 419 1226 plo
450 1146 492 1205 ita
522 1143 651 1206 videtur
679 1146 837 1206 statuisse.
885 1153 917 1206 et
939 1146 1066 1224 saepius
1088 1139 1139 1206 ἵνα
1160 1143 1201 1205 ad
1224 1145 1374 1224 temporis
1392 1140 1521 1223 signitica-

368 1250 483 1310 tionem
513 1266 613 1328 prope
640 1245 773 1308 accedit.
818 1245 1099 1309 Archilocheorum
1122 1265 1272 1310 versuum
1296 1247 1434 1308 ultimum
1454 1263 1522 1306 meo-

367 1350 479 1412 dosum
509 1369 579 1412 esse
609 1360 732 1412 eertum
761 1359 900 1412 estnon
932 1369 994 1412 uno
1021 1353 1160 1412 nomine.
1208 1350 1370 1412 doctorum
1391 1351 1523 1411 hominum
1566 1349 1567 1358 ’

367 1456 533 1536 opiniones
555 1472 724 1516 recensere
747 1472 810 1514 nou
834 1473 913 1533 opus
936 1463 1002 1515 est:
1030 1473 1102 1515 narn
1124 1455 1240 1536 partim
1256 1454 1448 1536 protulerunt
1462 1469 1523 1531 quae

368 1578 408 1620 ne
438 1557 515 1620 ierri
545 1556 675 1637 quidem
705 1565 854 1638 possunt,
887 1558 1001 1637 partim
1031 1557 1123 1619 abusi
1152 1568 1227 1620 sunt
1249 1556 1389 1620 mutandi
1409 1555 1522 1617 licentia.

368 1680 478 1722 omues
506 1669 611 1722 autem
641 1661 722 1722 hano
750 1661 979 1740 quaesiverunt
1009 1663 1198 1722 sententiani
1222 1670 1258 1723 ut
1280 1660 1455 1724 dicerentur
1473 1656 1524 1717 dei·
1566 1691 1567 1712 ι

368 1762 521 1845 phinibus
551 1773 672 1825 montes
700 1764 838 1844 placere.
886 1762 944 1826 sed
967 1772 1090 1844 poteret
1112 1767 1205 1826 etiarn
1229 1764 1293 1827 diei
1315 1764 1472 1845 displicere
1491 1761 1524 1819 eis

368 1887 466 1929 mare.
513 1876 609 1948 etque
639 1867 697 1928 hoc
720 1867 825 1948 ipsum
848 1887 889 1928 ex
912 1866 975 1929 iilis
997 1865 1074 1930 τοῖσι
1096 1861 1125 1928 δ’
1153 1861 1212 1951 ἡδὺ
1234 1857 1271 1951 ἤν
1294 1857 1364 1952 ὄρος
1386 1886 1441 1930 una
1462 1865 1524 1924 titte-

369 1972 437 2033 rula
468 1979 585 2032 mutata
613 1969 724 2032 efficio.
772 1980 846 2051 puto
870 1972 955 2032 enirn
978 1971 1182 2034 scribendum
1207 1991 1278 2034 esse
1300 1965 1423 2034 τοῖσιδ’
1447 1958 1524 2052 iiio

367 2067 469 2158 πόρος.
517 2074 575 2134 etsi
599 2075 684 2135 enim
707 2071 763 2135 ubi
786 2065 878 2158 πάρος
901 2073 941 2135 de
958 2073 1055 2135 fluctu
1071 2085 1126 2136 aut
1142 2073 1223 2136 freto
1238 2072 1357 2136 dicitur
1372 2070 1525 2153 significatio

368 2177 421 2238 ilia
447 2175 555 2238 addito
577 2176 683 2257 aliquo
705 2185 761 2238 aut
782 2176 938 2238 adiectivo
961 2185 1016 2238 aut
1038 2175 1228 2240 substantivi
1252 2179 1390 2239 nominis
1411 2175 1525 2258 genetivo
1566 2207 1567 2240 ι

368 2279 524 2342 declarari
554 2279 649 2359 solet,
684 2289 769 2362 patet
799 2289 905 2340 tamen
936 2277 990 2340 ubi
1022 2280 1107 2342 nulia
1136 2279 1276 2342 timenda
1300 2291 1349 2342 est
1370 2277 1527 2357 ambiguitas

369 2403 432 2445 non
455 2403 534 2463 opus
558 2401 628 2444 esse
652 2393 687 2446 ut
709 2381 864 2444 eiusmodi
889 2380 967 2462 quid
983 2381 1150 2445 adiciatur.
1190 2384 1270 2446 nihil
1287 2384 1403 2446 adiecit
1417 2381 1527 2456 Aeschy-
1566 2381 1567 2430 i

369 2488 418 2549 ius
435 2487 575 2566 Ghoeph.
595 2487 634 2546 63
652 2487 773 2564 idern,
798 2478 886 2570 πόροι
907 2507 939 2548 τε
960 2479 1068 2556 πάντες
1091 2485 1125 2549 ἐκ
1148 2491 1218 2571 μιὰς
1235 2481 1308 2550 ὁδοῦ
1324 2483 1481 2553 Διαίνοντες
1492 2475 1526 2542 τὸν
1566 2473 1567 2536 i

367 2591 521 2676 χερομυσῆ
538 2581 637 2653 Φάνον
659 2586 837 2673 καθαρσίοις
860 2583 933 2651 ἴοιεν
949 2581 986 2652 dv
1003 2581 1108 2673 μάτην.
1150 2591 1293 2671 Thyillus
1308 2589 1404 2652 Anth.
1423 2585 1525 2650 Patri
1566 2559 1567 2640 i

367 2685 427 2779 ἤδη
451 2690 502 2756 καὶ
525 2695 669 2777 λειμῶνες
692 2685 764 2777 ὑπὲρ
786 2685 923 2757 πετάλων
946 2690 1072 2778 ἐχέαντο
1081 2681 1191 2756 Ἄνῦεά
1213 2689 1265 2756 καὶ
1286 2688 1399 2779 τρηχὺς
1413 2685 1513 2775 σῖηαμέ

369 2822 444 2882 puae
468 2791 570 2882 πάρος.
1095 2779 1100 2789 ’
1176 2803 1183 2824 ·
1566 2819 1567 2896 η

457 2903 527 2964 tvt.
561 2900 677 2963 Critiae
708 2919 820 2963 versus
850 2919 930 2980 quos
960 2902 1077 2963 Sextus
1105 2903 1278 2982 enipiricus
1308 2923 1341 2983 p.
1368 2903 1425 2964 tut
1452 2899 1525 2960 nott.
1566 2919 1567 3002 ρ

369 3005 472 3068 adfert
500 3004 640 3068 nondum
671 3024 711 3066 ex
740 3006 825 3066 omni
847 3012 939 3084 parte
963 3003 1122 3066 emendati
1146 3015 1231 3066 sunt.
1280 3025 1388 3086 neque
1410 3009 1527 3086 poterunt
1566 3007 1567 3078 t

370 3127 479 3170 omnes
502 3117 586 3170 certa
608 3117 677 3169 arte
701 3107 837 3186 restitui,
863 3127 935 3168 curn
953 3107 1073 3187 aliquot
1089 3105 1186 3168 verba
1202 3108 1384 3170 exciderint
1398 3125 1471 3188 quae
1484 3121 1526 3164 nor
1566 3135 1567 3160 t

370 3222 502 3296 possunt
531 3213 571 3274 ita
602 3211 772 3292 reciperari
802 3219 923 3272 utnon
946 3209 1130 3274 sintdubie
1155 3231 1305 3275 versuum
1329 3213 1525 3293 conplemeoto.
1566 3229 1567 3248 ι

370 3335 469 3379 unum
492 3323 598 3378 tamen
622 3315 816 3376 versiculum
839 3313 917 3375 mihi
941 3305 1051 3376 iideor
1066 3313 1265 3377 emendasse.
1315 3311 1525 3396 legunturheer
1566 3373 1567 3380 ς

370 3439 401 3482 v.
428 3423 499 3482 9ss.

575 3514 670 3584 ἔπειτ’
696 3513 801 3602 ἐπειδὴ
824 3513 966 3605 τάμφανῗη
990 3516 1043 3602 μὲν
1067 3519 1095 3582 oi
1117 3513 1205 3602 νόμοι

574 3615 715 3709 άπεῖργον
739 3616 846 3694 αὐτοὺς
867 3619 943 3708 ἔργα
966 3616 1007 3707 μή
1029 3615 1172 3707 πράσσειν
1195 3620 1261 3708 βίη,

576 3720 678 3812 λάθρα
699 3721 728 3788 δ’
755 3723 917 3811 ἔπρασσον,
941 3720 1104 3809 τηνικαῦτά
1127 3750 1179 3810 μοι
1201 3726 1284 3790 δοκεῖ

578 3878 584 3891 .
614 3877 621 3890 .
649 3877 656 3890 .
685 3877 692 3890 .
717 3823 826 3901 πυκνάς
848 3852 892 3900 τις
915 3824 966 3892 καὶ
989 3823 1081 3913 σοφὸς
1103 3823 1225 3913 γνώμην
1248 3824 1326 3915 ἀνὴρ

575 3935 688 4019 γνῶναι
710 3933 778 4005 δέος
800 3931 953 4017 θνητοῖσιν
975 3931 1103 4018 ἐξευρεῖν
1125 3925 1206 4004 ’ὅπως

576 4032 623 4121 εἴη
646 4061 675 4101 τι
697 4035 787 4120 δεῖμα
808 4036 869 4108 τοῖς
891 4035 1027 4114 κακοῖσι,
1052 4027 1108 4100 κάν
1131 4031 1233 4121 λάθρα

574 4135 747 4226 πράσσωσιν
773 4132 793 4223 ἢ
817 4138 942 4224 λέγωσιν
965 4132 985 4224 ἢ
1009 4137 1142 4226 φρονῶσί
1163 4163 1202 4203 τι.

369 4247 412 4306 ita
428 4245 505 4306 haec
519 4245 678 4307 Nauckius
695 4244 823 4324 scripsit
837 4246 929 4323 Trag.
949 4242 988 4304 ir.
1009 4263 1040 4324 p.
1056 4243 1131 4304 598.
1164 4243 1223 4306 sed
1240 4253 1347 4305 utrum
1363 4227 1525 4303 antecurrit
1566 4289 1567 4300 ,

368 4371 413 4420 τις
442 4347 564 4428 aliquid
592 4348 747 4411 exciderit
775 4366 815 4408 an
846 4357 974 4428 postea
998 4346 1096 4409 verba
1119 4366 1159 4408 an
1183 4346 1266 4410 δοκεῖ
1289 4365 1361 4410 curn
1384 4347 1435 4406 hoc
1455 4353 1524 4400 rrrsu

367 4449 625 4532 coniungendam
647 4451 690 4513 sit
711 4452 875 4530 priorique
898 4451 1005 4513 versui
1029 4448 1153 4530 aliquid
1175 4449 1259 4512 desit
1282 4443 1345 4512 non
1360 4457 1430 4530 puto
1443 4437 1523 4505 dirimi

369 4574 472 4640 posse.
518 4557 632 4638 γνῶναι
661 4553 727 4628 δέος
749 4573 767 4616 a
790 4555 888 4616 Petito
916 4553 1093 4636 profectum
1117 4565 1181 4634 est,
1214 4555 1322 4636 paullo
1343 4551 1447 4615 meiius
1465 4545 1523 4606 dor·
